<record><recordSchema>MARC21-xml</recordSchema><recordPacking>xml</recordPacking><recordData><record xmlns="http://www.loc.gov/MARC21/slim" type="Bibliographic">
    <leader>00000nam a2200000 c 4500</leader>
    <controlfield tag="001">944208924</controlfield>
    <controlfield tag="003">DE-101</controlfield>
    <controlfield tag="005">20250106193145.0</controlfield>
    <controlfield tag="007">tu</controlfield>
    <controlfield tag="008">950420s1994    gw ||||| |||| 00||||ger  </controlfield>
    <datafield tag="015" ind1=" " ind2=" ">
      <subfield code="a">95,B22,0520</subfield>
      <subfield code="2">dnb</subfield>
    </datafield>
    <datafield tag="016" ind1="7" ind2=" ">
      <subfield code="2">DE-101</subfield>
      <subfield code="a">944208924</subfield>
    </datafield>
    <datafield tag="020" ind1=" " ind2=" ">
      <subfield code="a">9783929790047</subfield>
      <subfield code="c">kart.</subfield>
      <subfield code="9">978-3-929790-04-7</subfield>
    </datafield>
    <datafield tag="020" ind1=" " ind2=" ">
      <subfield code="a">3929790041</subfield>
      <subfield code="c">kart.</subfield>
      <subfield code="9">3-929790-04-1</subfield>
    </datafield>
    <datafield tag="020" ind1=" " ind2=" ">
      <subfield code="a">9783893226382</subfield>
      <subfield code="c">Pp. : DM 68.00</subfield>
      <subfield code="9">978-3-89322-638-2</subfield>
    </datafield>
    <datafield tag="020" ind1=" " ind2=" ">
      <subfield code="a">3893226389</subfield>
      <subfield code="c">Pp. : DM 68.00</subfield>
      <subfield code="9">3-89322-638-9</subfield>
    </datafield>
    <datafield tag="035" ind1=" " ind2=" ">
      <subfield code="a">(DE-599)DNB944208924</subfield>
    </datafield>
    <datafield tag="035" ind1=" " ind2=" ">
      <subfield code="a">(OCoLC)246877069</subfield>
    </datafield>
    <datafield tag="040" ind1=" " ind2=" ">
      <subfield code="a">1140</subfield>
      <subfield code="b">ger</subfield>
      <subfield code="c">DE-101</subfield>
      <subfield code="d">9999</subfield>
    </datafield>
    <datafield tag="041" ind1=" " ind2=" ">
      <subfield code="a">ger</subfield>
    </datafield>
    <datafield tag="043" ind1=" " ind2=" ">
      <subfield code="c">XA-DE</subfield>
    </datafield>
    <datafield tag="044" ind1=" " ind2=" ">
      <subfield code="c">XA-DE</subfield>
    </datafield>
    <datafield tag="084" ind1=" " ind2=" ">
      <subfield code="a">47</subfield>
      <subfield code="a">32</subfield>
      <subfield code="a">770</subfield>
      <subfield code="q">DE-101</subfield>
      <subfield code="2">sdnb</subfield>
    </datafield>
    <datafield tag="084" ind1=" " ind2=" ">
      <subfield code="a">13.5p</subfield>
      <subfield code="a">13.5</subfield>
      <subfield code="q">DE-101</subfield>
      <subfield code="2">sswd</subfield>
    </datafield>
    <datafield tag="245" ind1="0" ind2="0">
      <subfield code="a">Karl Blossfeldt</subfield>
      <subfield code="b">Fotografie ; Kunstmuseum Bonn 16. März bis 5. Juni 1994, Württembergischer Kunstverein Stuttgart 27. Oktober bis 4. Dezember 1994, Sprengel-Museum Hannover 5. Februar bis 17. April 1995</subfield>
      <subfield code="c">[hrsg. vom Kunstmuseum Bonn. Ausstellung und Katalog Christoph Schreier. Katalogred. Christoph Schreier]</subfield>
    </datafield>
    <datafield tag="264" ind1=" " ind2="1">
      <subfield code="a">Bonn</subfield>
      <subfield code="b">Kunstmuseum</subfield>
      <subfield code="c">1994</subfield>
    </datafield>
    <datafield tag="300" ind1=" " ind2=" ">
      <subfield code="a">159 S.</subfield>
      <subfield code="b">überw. Ill.</subfield>
      <subfield code="c">31 cm</subfield>
    </datafield>
    <datafield tag="336" ind1=" " ind2=" ">
      <subfield code="a">unbewegtes Bild</subfield>
      <subfield code="b">sti</subfield>
      <subfield code="2">rdacontent</subfield>
    </datafield>
    <datafield tag="337" ind1=" " ind2=" ">
      <subfield code="a">ohne Hilfsmittel zu benutzen</subfield>
      <subfield code="b">n</subfield>
      <subfield code="2">rdamedia</subfield>
    </datafield>
    <datafield tag="338" ind1=" " ind2=" ">
      <subfield code="a">Band</subfield>
      <subfield code="b">nc</subfield>
      <subfield code="2">rdacarrier</subfield>
    </datafield>
    <datafield tag="366" ind1=" " ind2=" ">
      <subfield code="c">OP 20250106</subfield>
      <subfield code="2">onixas</subfield>
    </datafield>
    <datafield tag="600" ind1="1" ind2="7">
      <subfield code="0">(DE-588)118511858</subfield>
      <subfield code="0">https://d-nb.info/gnd/118511858</subfield>
      <subfield code="0">(DE-101)118511858</subfield>
      <subfield code="a">Blossfeldt, Karl</subfield>
      <subfield code="d">1865-1932</subfield>
      <subfield code="9">rswk-swf</subfield>
      <subfield code="2">gnd</subfield>
    </datafield>
    <datafield tag="650" ind1=" " ind2="7">
      <subfield code="0">(DE-588)4139641-8</subfield>
      <subfield code="0">https://d-nb.info/gnd/4139641-8</subfield>
      <subfield code="0">(DE-101)041396413</subfield>
      <subfield code="a">Pflanzenfotografie</subfield>
      <subfield code="9">rswk-swf</subfield>
      <subfield code="2">gnd</subfield>
    </datafield>
    <datafield tag="655" ind1=" " ind2="7">
      <subfield code="0">(DE-588)4135467-9</subfield>
      <subfield code="0">https://d-nb.info/gnd/4135467-9</subfield>
      <subfield code="0">(DE-101)041354672</subfield>
      <subfield code="a">Ausstellungskatalog</subfield>
      <subfield code="y">1994</subfield>
      <subfield code="z">Bonn</subfield>
      <subfield code="2">gnd-content</subfield>
    </datafield>
    <datafield tag="655" ind1=" " ind2="7">
      <subfield code="a">Ausstellung</subfield>
      <subfield code="z">Bonn &lt;1994></subfield>
      <subfield code="9">rswk-swf</subfield>
      <subfield code="2">gnd</subfield>
    </datafield>
    <datafield tag="689" ind1="0" ind2="0">
      <subfield code="0">(DE-588)118511858</subfield>
      <subfield code="0">https://d-nb.info/gnd/118511858</subfield>
      <subfield code="0">(DE-101)118511858</subfield>
      <subfield code="D">p</subfield>
      <subfield code="a">Blossfeldt, Karl</subfield>
      <subfield code="d">1865-1932</subfield>
    </datafield>
    <datafield tag="689" ind1="0" ind2="1">
      <subfield code="0">(DE-588)4139641-8</subfield>
      <subfield code="0">https://d-nb.info/gnd/4139641-8</subfield>
      <subfield code="0">(DE-101)041396413</subfield>
      <subfield code="D">s</subfield>
      <subfield code="a">Pflanzenfotografie</subfield>
    </datafield>
    <datafield tag="689" ind1="0" ind2="2">
      <subfield code="A">f</subfield>
      <subfield code="a">Ausstellung</subfield>
    </datafield>
    <datafield tag="689" ind1="0" ind2="3">
      <subfield code="A">g</subfield>
      <subfield code="a">Bonn &lt;1994></subfield>
    </datafield>
    <datafield tag="689" ind1="0" ind2=" ">
      <subfield code="5">DE-101</subfield>
      <subfield code="5">DE-101</subfield>
    </datafield>
    <datafield tag="700" ind1="1" ind2=" ">
      <subfield code="0">(DE-588)118511858</subfield>
      <subfield code="0">https://d-nb.info/gnd/118511858</subfield>
      <subfield code="0">(DE-101)118511858</subfield>
      <subfield code="a">Blossfeldt, Karl</subfield>
      <subfield code="d">1865-1932</subfield>
      <subfield code="e">Illustrator</subfield>
      <subfield code="4">ill</subfield>
      <subfield code="2">gnd</subfield>
    </datafield>
    <datafield tag="700" ind1="1" ind2=" ">
      <subfield code="0">(DE-588)1056593202</subfield>
      <subfield code="0">https://d-nb.info/gnd/1056593202</subfield>
      <subfield code="0">(DE-101)1056593202</subfield>
      <subfield code="a">Schreier, Christoph</subfield>
      <subfield code="d">1954-</subfield>
      <subfield code="e">Mitwirkender</subfield>
      <subfield code="4">ctb</subfield>
      <subfield code="2">gnd</subfield>
    </datafield>
    <datafield tag="710" ind1="2" ind2=" ">
      <subfield code="0">(DE-588)2153289-8</subfield>
      <subfield code="0">https://d-nb.info/gnd/2153289-8</subfield>
      <subfield code="0">(DE-101)946520224</subfield>
      <subfield code="a">Kunstmuseum Bonn</subfield>
      <subfield code="e">Herausgebendes Organ</subfield>
      <subfield code="4">isb</subfield>
      <subfield code="2">gnd</subfield>
    </datafield>
    <datafield tag="850" ind1=" " ind2=" ">
      <subfield code="a">DE-101a</subfield>
      <subfield code="a">DE-101b</subfield>
    </datafield>
    <datafield tag="925" ind1="r" ind2=" ">
      <subfield code="a">rb</subfield>
    </datafield>
  </record></recordData><recordPosition>403</recordPosition></record>