<record><recordSchema>MARC21-xml</recordSchema><recordPacking>xml</recordPacking><recordData><record xmlns="http://www.loc.gov/MARC21/slim" type="Bibliographic">
    <leader>00000nam a2200000 c 4500</leader>
    <controlfield tag="001">942638255</controlfield>
    <controlfield tag="003">DE-101</controlfield>
    <controlfield tag="005">20250105193659.0</controlfield>
    <controlfield tag="007">tu</controlfield>
    <controlfield tag="008">941102s1994    gw ||||| |||| 00||||ger  </controlfield>
    <datafield tag="015" ind1=" " ind2=" ">
      <subfield code="a">94,B50,0899</subfield>
      <subfield code="2">dnb</subfield>
    </datafield>
    <datafield tag="016" ind1="7" ind2=" ">
      <subfield code="2">DE-101</subfield>
      <subfield code="a">942638255</subfield>
    </datafield>
    <datafield tag="020" ind1=" " ind2=" ">
      <subfield code="a">9783893222704</subfield>
      <subfield code="q">Cantz</subfield>
      <subfield code="c">kart. : DM 16.80</subfield>
      <subfield code="9">978-3-89322-270-4</subfield>
    </datafield>
    <datafield tag="020" ind1=" " ind2=" ">
      <subfield code="a">3893222707</subfield>
      <subfield code="q">Cantz</subfield>
      <subfield code="c">kart. : DM 16.80</subfield>
      <subfield code="9">3-89322-270-7</subfield>
    </datafield>
    <datafield tag="035" ind1=" " ind2=" ">
      <subfield code="a">(DE-599)DNB942638255</subfield>
    </datafield>
    <datafield tag="035" ind1=" " ind2=" ">
      <subfield code="a">(OCoLC)722785635</subfield>
    </datafield>
    <datafield tag="040" ind1=" " ind2=" ">
      <subfield code="a">1240</subfield>
      <subfield code="b">ger</subfield>
      <subfield code="c">DE-101</subfield>
      <subfield code="d">9999</subfield>
    </datafield>
    <datafield tag="041" ind1=" " ind2=" ">
      <subfield code="a">ger</subfield>
    </datafield>
    <datafield tag="044" ind1=" " ind2=" ">
      <subfield code="c">XA-DE</subfield>
    </datafield>
    <datafield tag="084" ind1=" " ind2=" ">
      <subfield code="a">46</subfield>
      <subfield code="a">700</subfield>
      <subfield code="a">730</subfield>
      <subfield code="a">740</subfield>
      <subfield code="a">750</subfield>
      <subfield code="a">760</subfield>
      <subfield code="q">DE-101</subfield>
      <subfield code="2">sdnb</subfield>
    </datafield>
    <datafield tag="084" ind1=" " ind2=" ">
      <subfield code="a">13.7</subfield>
      <subfield code="a">13.7p</subfield>
      <subfield code="q">DE-101</subfield>
      <subfield code="2">sswd</subfield>
    </datafield>
    <datafield tag="245" ind1="0" ind2="0">
      <subfield code="a">Matthew McCaslin</subfield>
      <subfield code="b">Ausstellungen ; [anlässlich der Ausstellungen des Künstlers im Sprengel-Museum Hannover 1.3. - 30.4.1994 und in der Städtischen Ausstellungshalle Münster, 18.2. - 3.4.1994]</subfield>
      <subfield code="c">[Red.: Dietmar Elger]</subfield>
    </datafield>
    <datafield tag="264" ind1=" " ind2="1">
      <subfield code="a">[Hannover]</subfield>
      <subfield code="b">[Sprengel-Museum]</subfield>
      <subfield code="c">1994</subfield>
    </datafield>
    <datafield tag="300" ind1=" " ind2=" ">
      <subfield code="a">47 S.</subfield>
      <subfield code="b">zahlr. Ill.</subfield>
      <subfield code="c">20 cm</subfield>
    </datafield>
    <datafield tag="336" ind1=" " ind2=" ">
      <subfield code="a">Text</subfield>
      <subfield code="b">txt</subfield>
      <subfield code="2">rdacontent</subfield>
    </datafield>
    <datafield tag="336" ind1=" " ind2=" ">
      <subfield code="a">unbewegtes Bild</subfield>
      <subfield code="b">sti</subfield>
      <subfield code="2">rdacontent</subfield>
    </datafield>
    <datafield tag="337" ind1=" " ind2=" ">
      <subfield code="a">ohne Hilfsmittel zu benutzen</subfield>
      <subfield code="b">n</subfield>
      <subfield code="2">rdamedia</subfield>
    </datafield>
    <datafield tag="338" ind1=" " ind2=" ">
      <subfield code="a">Band</subfield>
      <subfield code="b">nc</subfield>
      <subfield code="2">rdacarrier</subfield>
    </datafield>
    <datafield tag="366" ind1=" " ind2=" ">
      <subfield code="c">OP 20250105</subfield>
      <subfield code="2">onixas</subfield>
    </datafield>
    <datafield tag="490" ind1="0" ind2=" ">
      <subfield code="a">Reihe Cantz</subfield>
    </datafield>
    <datafield tag="600" ind1="1" ind2="7">
      <subfield code="0">(DE-588)119149516</subfield>
      <subfield code="0">https://d-nb.info/gnd/119149516</subfield>
      <subfield code="0">(DE-101)119149516</subfield>
      <subfield code="a">McCaslin, Matthew</subfield>
      <subfield code="d">1957-</subfield>
      <subfield code="9">rswk-swf</subfield>
      <subfield code="2">gnd</subfield>
    </datafield>
    <datafield tag="650" ind1=" " ind2="7">
      <subfield code="0">(DE-588)4131808-0</subfield>
      <subfield code="0">https://d-nb.info/gnd/4131808-0</subfield>
      <subfield code="0">(DE-101)041318080</subfield>
      <subfield code="a">Installation</subfield>
      <subfield code="g">Kunst</subfield>
      <subfield code="9">rswk-swf</subfield>
      <subfield code="2">gnd</subfield>
    </datafield>
    <datafield tag="655" ind1=" " ind2="7">
      <subfield code="0">(DE-588)4135467-9</subfield>
      <subfield code="0">https://d-nb.info/gnd/4135467-9</subfield>
      <subfield code="0">(DE-101)041354672</subfield>
      <subfield code="a">Ausstellungskatalog</subfield>
      <subfield code="y">1994</subfield>
      <subfield code="z">Hannover</subfield>
      <subfield code="2">gnd-content</subfield>
    </datafield>
    <datafield tag="655" ind1=" " ind2="7">
      <subfield code="a">Ausstellung</subfield>
      <subfield code="z">Hannover &lt;1994></subfield>
      <subfield code="9">rswk-swf</subfield>
      <subfield code="2">gnd</subfield>
    </datafield>
    <datafield tag="689" ind1="0" ind2="0">
      <subfield code="0">(DE-588)119149516</subfield>
      <subfield code="0">https://d-nb.info/gnd/119149516</subfield>
      <subfield code="0">(DE-101)119149516</subfield>
      <subfield code="D">p</subfield>
      <subfield code="a">McCaslin, Matthew</subfield>
      <subfield code="d">1957-</subfield>
    </datafield>
    <datafield tag="689" ind1="0" ind2="1">
      <subfield code="0">(DE-588)4131808-0</subfield>
      <subfield code="0">https://d-nb.info/gnd/4131808-0</subfield>
      <subfield code="0">(DE-101)041318080</subfield>
      <subfield code="D">s</subfield>
      <subfield code="a">Installation</subfield>
      <subfield code="g">Kunst</subfield>
    </datafield>
    <datafield tag="689" ind1="0" ind2="2">
      <subfield code="A">f</subfield>
      <subfield code="a">Ausstellung</subfield>
    </datafield>
    <datafield tag="689" ind1="0" ind2="3">
      <subfield code="A">g</subfield>
      <subfield code="a">Hannover &lt;1994></subfield>
    </datafield>
    <datafield tag="689" ind1="0" ind2=" ">
      <subfield code="5">DE-101</subfield>
      <subfield code="5">DE-101</subfield>
    </datafield>
    <datafield tag="700" ind1="1" ind2=" ">
      <subfield code="0">(DE-588)119149516</subfield>
      <subfield code="0">https://d-nb.info/gnd/119149516</subfield>
      <subfield code="0">(DE-101)119149516</subfield>
      <subfield code="a">McCaslin, Matthew</subfield>
      <subfield code="d">1957-</subfield>
      <subfield code="e">Illustrator</subfield>
      <subfield code="4">ill</subfield>
      <subfield code="2">gnd</subfield>
    </datafield>
    <datafield tag="700" ind1="1" ind2=" ">
      <subfield code="0">(DE-588)124128122</subfield>
      <subfield code="0">https://d-nb.info/gnd/124128122</subfield>
      <subfield code="0">(DE-101)124128122</subfield>
      <subfield code="a">Elger, Dietmar</subfield>
      <subfield code="d">1958-</subfield>
      <subfield code="e">Herausgeber</subfield>
      <subfield code="4">edt</subfield>
      <subfield code="2">gnd</subfield>
    </datafield>
    <datafield tag="710" ind1="2" ind2=" ">
      <subfield code="0">(DE-588)2083948-0</subfield>
      <subfield code="0">https://d-nb.info/gnd/2083948-0</subfield>
      <subfield code="0">(DE-101)007332122</subfield>
      <subfield code="a">Sprengel Museum Hannover</subfield>
      <subfield code="e">Herausgebendes Organ</subfield>
      <subfield code="4">isb</subfield>
      <subfield code="2">gnd</subfield>
    </datafield>
    <datafield tag="850" ind1=" " ind2=" ">
      <subfield code="a">DE-101a</subfield>
      <subfield code="a">DE-101b</subfield>
    </datafield>
    <datafield tag="856" ind1="4" ind2="2">
      <subfield code="m">B:DE-101</subfield>
      <subfield code="q">application/pdf</subfield>
      <subfield code="u">https://d-nb.info/942638255/04</subfield>
      <subfield code="3">Inhaltsverzeichnis</subfield>
    </datafield>
    <datafield tag="925" ind1="r" ind2=" ">
      <subfield code="a">rb</subfield>
    </datafield>
  </record></recordData><recordPosition>405</recordPosition></record>