<record><recordSchema>MARC21-xml</recordSchema><recordPacking>xml</recordPacking><recordData><record xmlns="http://www.loc.gov/MARC21/slim" type="Bibliographic">
    <leader>00000pam a2200000 c 4500</leader>
    <controlfield tag="001">941485021</controlfield>
    <controlfield tag="003">DE-101</controlfield>
    <controlfield tag="005">20250103194244.0</controlfield>
    <controlfield tag="007">tu</controlfield>
    <controlfield tag="008">940624s1994    gw ||||| |||| 00||||ger  </controlfield>
    <datafield tag="015" ind1=" " ind2=" ">
      <subfield code="a">95,B07,0738</subfield>
      <subfield code="z">94,N29,0565</subfield>
      <subfield code="2">dnb</subfield>
    </datafield>
    <datafield tag="016" ind1="7" ind2=" ">
      <subfield code="2">DE-101</subfield>
      <subfield code="a">941485021</subfield>
    </datafield>
    <datafield tag="020" ind1=" " ind2=" ">
      <subfield code="a">9783926154231</subfield>
      <subfield code="q">Museumsausg.</subfield>
      <subfield code="c">kart.</subfield>
      <subfield code="9">978-3-926154-23-1</subfield>
    </datafield>
    <datafield tag="020" ind1=" " ind2=" ">
      <subfield code="a">3926154233</subfield>
      <subfield code="q">Museumsausg.</subfield>
      <subfield code="c">kart.</subfield>
      <subfield code="9">3-926154-23-3</subfield>
    </datafield>
    <datafield tag="020" ind1=" " ind2=" ">
      <subfield code="a">9783775705219</subfield>
      <subfield code="q">Buchhandelsausg.</subfield>
      <subfield code="c">Gewebe</subfield>
      <subfield code="9">978-3-7757-0521-9</subfield>
    </datafield>
    <datafield tag="020" ind1=" " ind2=" ">
      <subfield code="a">377570521X</subfield>
      <subfield code="q">Buchhandelsausg.</subfield>
      <subfield code="c">Gewebe</subfield>
      <subfield code="9">3-7757-0521-X</subfield>
    </datafield>
    <datafield tag="035" ind1=" " ind2=" ">
      <subfield code="a">(DE-599)DNB941485021</subfield>
    </datafield>
    <datafield tag="035" ind1=" " ind2=" ">
      <subfield code="a">(OCoLC)75481354</subfield>
    </datafield>
    <datafield tag="040" ind1=" " ind2=" ">
      <subfield code="a">1240</subfield>
      <subfield code="b">ger</subfield>
      <subfield code="c">DE-101</subfield>
      <subfield code="d">9999</subfield>
    </datafield>
    <datafield tag="041" ind1=" " ind2=" ">
      <subfield code="a">ger</subfield>
    </datafield>
    <datafield tag="044" ind1=" " ind2=" ">
      <subfield code="c">XA-DE</subfield>
    </datafield>
    <datafield tag="084" ind1=" " ind2=" ">
      <subfield code="a">46</subfield>
      <subfield code="a">49</subfield>
      <subfield code="a">700</subfield>
      <subfield code="a">730</subfield>
      <subfield code="a">740</subfield>
      <subfield code="a">750</subfield>
      <subfield code="a">760</subfield>
      <subfield code="q">DE-101</subfield>
      <subfield code="2">sdnb</subfield>
    </datafield>
    <datafield tag="084" ind1=" " ind2=" ">
      <subfield code="a">13.3</subfield>
      <subfield code="a">13.4p</subfield>
      <subfield code="a">15.1</subfield>
      <subfield code="a">15.1p</subfield>
      <subfield code="a">13.4p</subfield>
      <subfield code="a">15.1</subfield>
      <subfield code="a">15.1p</subfield>
      <subfield code="a">15.1</subfield>
      <subfield code="a">15.1p</subfield>
      <subfield code="a">15.1</subfield>
      <subfield code="a">15.1p</subfield>
      <subfield code="q">DE-101</subfield>
      <subfield code="2">sswd</subfield>
    </datafield>
    <datafield tag="245" ind1="0" ind2="0">
      <subfield code="a">Oskar Schlemmer - Tanz, Theater, Bühne</subfield>
      <subfield code="b">Kunstsammlung Nordrhein-Westfalen, Düsseldorf 30.7. - 16.10.1994, Kunsthalle Wien 11.11.1994 - 29.1.1995, Sprengel-Museum Hannover 19.2. - 21.5.1995</subfield>
      <subfield code="c">eine Ausstellung in Zusammenarbeit mit U. Jaina Schlemmer und C. Raman Schlemmer - Bühnen Archiv Oskar Schlemmer. [Red.: Maria Müller. Übers.: Stefan Barmann ; Birgit Herbst]</subfield>
    </datafield>
    <datafield tag="264" ind1=" " ind2="1">
      <subfield code="a">Düsseldorf</subfield>
      <subfield code="b">Kunstsammlung Nordrhein-Westfalen [u.a.]</subfield>
      <subfield code="c">1994</subfield>
    </datafield>
    <datafield tag="300" ind1=" " ind2=" ">
      <subfield code="a">311 S.</subfield>
      <subfield code="b">zahlr. Ill.</subfield>
      <subfield code="c">29 cm</subfield>
    </datafield>
    <datafield tag="336" ind1=" " ind2=" ">
      <subfield code="a">Text</subfield>
      <subfield code="b">txt</subfield>
      <subfield code="2">rdacontent</subfield>
    </datafield>
    <datafield tag="336" ind1=" " ind2=" ">
      <subfield code="a">unbewegtes Bild</subfield>
      <subfield code="b">sti</subfield>
      <subfield code="2">rdacontent</subfield>
    </datafield>
    <datafield tag="337" ind1=" " ind2=" ">
      <subfield code="a">ohne Hilfsmittel zu benutzen</subfield>
      <subfield code="b">n</subfield>
      <subfield code="2">rdamedia</subfield>
    </datafield>
    <datafield tag="338" ind1=" " ind2=" ">
      <subfield code="a">Band</subfield>
      <subfield code="b">nc</subfield>
      <subfield code="2">rdacarrier</subfield>
    </datafield>
    <datafield tag="366" ind1=" " ind2=" ">
      <subfield code="c">OP 20250103</subfield>
      <subfield code="2">onixas</subfield>
    </datafield>
    <datafield tag="500" ind1=" " ind2=" ">
      <subfield code="a">Bibliogr. und Literaturverz. S. 307 - 309</subfield>
    </datafield>
    <datafield tag="600" ind1="1" ind2="7">
      <subfield code="0">(DE-588)118608088</subfield>
      <subfield code="0">https://d-nb.info/gnd/118608088</subfield>
      <subfield code="0">(DE-101)118608088</subfield>
      <subfield code="a">Schlemmer, Oskar</subfield>
      <subfield code="d">1888-1943</subfield>
      <subfield code="9">rswk-swf</subfield>
      <subfield code="2">gnd</subfield>
    </datafield>
    <datafield tag="600" ind1="1" ind2="7">
      <subfield code="0">(DE-588)118608088</subfield>
      <subfield code="0">https://d-nb.info/gnd/118608088</subfield>
      <subfield code="0">(DE-101)118608088</subfield>
      <subfield code="a">Schlemmer, Oskar</subfield>
      <subfield code="d">1888-1943</subfield>
      <subfield code="9">rswk-swf</subfield>
      <subfield code="2">gnd</subfield>
    </datafield>
    <datafield tag="600" ind1="1" ind2="7">
      <subfield code="0">(DE-588)118608088</subfield>
      <subfield code="0">https://d-nb.info/gnd/118608088</subfield>
      <subfield code="0">(DE-101)118608088</subfield>
      <subfield code="a">Schlemmer, Oskar</subfield>
      <subfield code="d">1888-1943</subfield>
      <subfield code="9">rswk-swf</subfield>
      <subfield code="2">gnd</subfield>
    </datafield>
    <datafield tag="600" ind1="1" ind2="7">
      <subfield code="0">(DE-588)118608088</subfield>
      <subfield code="0">https://d-nb.info/gnd/118608088</subfield>
      <subfield code="0">(DE-101)118608088</subfield>
      <subfield code="a">Schlemmer, Oskar</subfield>
      <subfield code="d">1888-1943</subfield>
      <subfield code="9">rswk-swf</subfield>
      <subfield code="2">gnd</subfield>
    </datafield>
    <datafield tag="650" ind1=" " ind2="7">
      <subfield code="0">(DE-588)4008738-4</subfield>
      <subfield code="0">https://d-nb.info/gnd/4008738-4</subfield>
      <subfield code="0">(DE-101)040087387</subfield>
      <subfield code="a">Bühnenbild</subfield>
      <subfield code="9">rswk-swf</subfield>
      <subfield code="2">gnd</subfield>
    </datafield>
    <datafield tag="650" ind1=" " ind2="7">
      <subfield code="0">(DE-588)4136979-8</subfield>
      <subfield code="0">https://d-nb.info/gnd/4136979-8</subfield>
      <subfield code="0">(DE-101)041369793</subfield>
      <subfield code="a">Theaterkostüm</subfield>
      <subfield code="9">rswk-swf</subfield>
      <subfield code="2">gnd</subfield>
    </datafield>
    <datafield tag="650" ind1=" " ind2="7">
      <subfield code="0">(DE-588)4027223-0</subfield>
      <subfield code="0">https://d-nb.info/gnd/4027223-0</subfield>
      <subfield code="0">(DE-101)040272230</subfield>
      <subfield code="a">Inszenierung</subfield>
      <subfield code="9">rswk-swf</subfield>
      <subfield code="2">gnd</subfield>
    </datafield>
    <datafield tag="650" ind1=" " ind2="7">
      <subfield code="0">(DE-588)4059702-7</subfield>
      <subfield code="0">https://d-nb.info/gnd/4059702-7</subfield>
      <subfield code="0">(DE-101)040597024</subfield>
      <subfield code="a">Theater</subfield>
      <subfield code="9">rswk-swf</subfield>
      <subfield code="2">gnd</subfield>
    </datafield>
    <datafield tag="655" ind1=" " ind2="7">
      <subfield code="0">(DE-588)4135467-9</subfield>
      <subfield code="0">https://d-nb.info/gnd/4135467-9</subfield>
      <subfield code="0">(DE-101)041354672</subfield>
      <subfield code="a">Ausstellungskatalog</subfield>
      <subfield code="y">1994</subfield>
      <subfield code="z">Düsseldorf</subfield>
      <subfield code="2">gnd-content</subfield>
    </datafield>
    <datafield tag="655" ind1=" " ind2="7">
      <subfield code="0">(DE-588)4143413-4</subfield>
      <subfield code="0">https://d-nb.info/gnd/4143413-4</subfield>
      <subfield code="0">(DE-101)041434137</subfield>
      <subfield code="a">Aufsatzsammlung</subfield>
      <subfield code="2">gnd-content</subfield>
    </datafield>
    <datafield tag="655" ind1=" " ind2="7">
      <subfield code="a">Ausstellung</subfield>
      <subfield code="z">Düsseldorf &lt;1994></subfield>
      <subfield code="9">rswk-swf</subfield>
      <subfield code="2">gnd</subfield>
    </datafield>
    <datafield tag="655" ind1=" " ind2="7">
      <subfield code="a">Ausstellung</subfield>
      <subfield code="z">Düsseldorf &lt;1994></subfield>
      <subfield code="9">rswk-swf</subfield>
      <subfield code="2">gnd</subfield>
    </datafield>
    <datafield tag="655" ind1=" " ind2="7">
      <subfield code="a">Ausstellung</subfield>
      <subfield code="z">Düsseldorf &lt;1994></subfield>
      <subfield code="9">rswk-swf</subfield>
      <subfield code="2">gnd</subfield>
    </datafield>
    <datafield tag="655" ind1=" " ind2="7">
      <subfield code="a">Aufsatzsammlung</subfield>
      <subfield code="9">rswk-swf</subfield>
      <subfield code="2">gnd</subfield>
    </datafield>
    <datafield tag="689" ind1="0" ind2="0">
      <subfield code="0">(DE-588)118608088</subfield>
      <subfield code="0">https://d-nb.info/gnd/118608088</subfield>
      <subfield code="0">(DE-101)118608088</subfield>
      <subfield code="D">p</subfield>
      <subfield code="a">Schlemmer, Oskar</subfield>
      <subfield code="d">1888-1943</subfield>
    </datafield>
    <datafield tag="689" ind1="0" ind2="1">
      <subfield code="0">(DE-588)4008738-4</subfield>
      <subfield code="0">https://d-nb.info/gnd/4008738-4</subfield>
      <subfield code="0">(DE-101)040087387</subfield>
      <subfield code="D">s</subfield>
      <subfield code="a">Bühnenbild</subfield>
    </datafield>
    <datafield tag="689" ind1="0" ind2="2">
      <subfield code="A">f</subfield>
      <subfield code="a">Ausstellung</subfield>
    </datafield>
    <datafield tag="689" ind1="0" ind2="3">
      <subfield code="A">g</subfield>
      <subfield code="a">Düsseldorf &lt;1994></subfield>
    </datafield>
    <datafield tag="689" ind1="0" ind2=" ">
      <subfield code="5">DE-101</subfield>
      <subfield code="5">DE-101</subfield>
    </datafield>
    <datafield tag="689" ind1="1" ind2="0">
      <subfield code="0">(DE-588)118608088</subfield>
      <subfield code="0">https://d-nb.info/gnd/118608088</subfield>
      <subfield code="0">(DE-101)118608088</subfield>
      <subfield code="D">p</subfield>
      <subfield code="a">Schlemmer, Oskar</subfield>
      <subfield code="d">1888-1943</subfield>
    </datafield>
    <datafield tag="689" ind1="1" ind2="1">
      <subfield code="0">(DE-588)4136979-8</subfield>
      <subfield code="0">https://d-nb.info/gnd/4136979-8</subfield>
      <subfield code="0">(DE-101)041369793</subfield>
      <subfield code="D">s</subfield>
      <subfield code="a">Theaterkostüm</subfield>
    </datafield>
    <datafield tag="689" ind1="1" ind2="2">
      <subfield code="A">f</subfield>
      <subfield code="a">Ausstellung</subfield>
    </datafield>
    <datafield tag="689" ind1="1" ind2="3">
      <subfield code="A">g</subfield>
      <subfield code="a">Düsseldorf &lt;1994></subfield>
    </datafield>
    <datafield tag="689" ind1="1" ind2=" ">
      <subfield code="5">DE-101</subfield>
      <subfield code="5">DE-101</subfield>
    </datafield>
    <datafield tag="689" ind1="2" ind2="0">
      <subfield code="0">(DE-588)118608088</subfield>
      <subfield code="0">https://d-nb.info/gnd/118608088</subfield>
      <subfield code="0">(DE-101)118608088</subfield>
      <subfield code="D">p</subfield>
      <subfield code="a">Schlemmer, Oskar</subfield>
      <subfield code="d">1888-1943</subfield>
    </datafield>
    <datafield tag="689" ind1="2" ind2="1">
      <subfield code="0">(DE-588)4027223-0</subfield>
      <subfield code="0">https://d-nb.info/gnd/4027223-0</subfield>
      <subfield code="0">(DE-101)040272230</subfield>
      <subfield code="D">s</subfield>
      <subfield code="a">Inszenierung</subfield>
    </datafield>
    <datafield tag="689" ind1="2" ind2="2">
      <subfield code="A">f</subfield>
      <subfield code="a">Ausstellung</subfield>
    </datafield>
    <datafield tag="689" ind1="2" ind2="3">
      <subfield code="A">g</subfield>
      <subfield code="a">Düsseldorf &lt;1994></subfield>
    </datafield>
    <datafield tag="689" ind1="2" ind2=" ">
      <subfield code="5">DE-101</subfield>
      <subfield code="5">DE-101</subfield>
    </datafield>
    <datafield tag="689" ind1="3" ind2="0">
      <subfield code="0">(DE-588)118608088</subfield>
      <subfield code="0">https://d-nb.info/gnd/118608088</subfield>
      <subfield code="0">(DE-101)118608088</subfield>
      <subfield code="D">p</subfield>
      <subfield code="a">Schlemmer, Oskar</subfield>
      <subfield code="d">1888-1943</subfield>
    </datafield>
    <datafield tag="689" ind1="3" ind2="1">
      <subfield code="0">(DE-588)4059702-7</subfield>
      <subfield code="0">https://d-nb.info/gnd/4059702-7</subfield>
      <subfield code="0">(DE-101)040597024</subfield>
      <subfield code="D">s</subfield>
      <subfield code="a">Theater</subfield>
    </datafield>
    <datafield tag="689" ind1="3" ind2="2">
      <subfield code="A">f</subfield>
      <subfield code="a">Aufsatzsammlung</subfield>
    </datafield>
    <datafield tag="689" ind1="3" ind2=" ">
      <subfield code="5">DE-101</subfield>
      <subfield code="5">DE-101</subfield>
    </datafield>
    <datafield tag="700" ind1="1" ind2=" ">
      <subfield code="0">(DE-588)118608088</subfield>
      <subfield code="0">https://d-nb.info/gnd/118608088</subfield>
      <subfield code="0">(DE-101)118608088</subfield>
      <subfield code="a">Schlemmer, Oskar</subfield>
      <subfield code="d">1888-1943</subfield>
      <subfield code="e">Illustrator</subfield>
      <subfield code="4">ill</subfield>
      <subfield code="2">gnd</subfield>
    </datafield>
    <datafield tag="700" ind1="1" ind2=" ">
      <subfield code="8">1\p</subfield>
      <subfield code="0">(DE-588)136964125</subfield>
      <subfield code="0">https://d-nb.info/gnd/136964125</subfield>
      <subfield code="0">(DE-101)136964125</subfield>
      <subfield code="a">Müller, Maria</subfield>
      <subfield code="d">1956-</subfield>
      <subfield code="e">Herausgeber</subfield>
      <subfield code="4">edt</subfield>
      <subfield code="2">gnd</subfield>
    </datafield>
    <datafield tag="710" ind1="2" ind2=" ">
      <subfield code="0">(DE-588)2016839-1</subfield>
      <subfield code="0">https://d-nb.info/gnd/2016839-1</subfield>
      <subfield code="0">(DE-101)004753801</subfield>
      <subfield code="a">Stiftung Kunstsammlung Nordrhein-Westfalen</subfield>
      <subfield code="e">Herausgebendes Organ</subfield>
      <subfield code="4">isb</subfield>
      <subfield code="2">gnd</subfield>
    </datafield>
    <datafield tag="850" ind1=" " ind2=" ">
      <subfield code="a">DE-101a</subfield>
      <subfield code="a">DE-101b</subfield>
    </datafield>
    <datafield tag="856" ind1="4" ind2="2">
      <subfield code="m">B:DE-101</subfield>
      <subfield code="q">application/pdf</subfield>
      <subfield code="u">https://d-nb.info/941485021/04</subfield>
      <subfield code="3">Inhaltsverzeichnis</subfield>
    </datafield>
    <datafield tag="883" ind1=" " ind2=" ">
      <subfield code="8">1\p</subfield>
      <subfield code="a">cgwrk</subfield>
      <subfield code="d">20210314</subfield>
      <subfield code="q">DE-101</subfield>
      <subfield code="u">https://d-nb.info/provenance/plan#cgwrk</subfield>
    </datafield>
    <datafield tag="925" ind1="r" ind2=" ">
      <subfield code="a">rb</subfield>
    </datafield>
  </record></recordData><recordPosition>408</recordPosition></record>