<record><recordSchema>MARC21-xml</recordSchema><recordPacking>xml</recordPacking><recordData><record xmlns="http://www.loc.gov/MARC21/slim" type="Bibliographic">
    <leader>00000pam a2200000 c 4500</leader>
    <controlfield tag="001">942336429</controlfield>
    <controlfield tag="003">DE-101</controlfield>
    <controlfield tag="005">20260130181318.0</controlfield>
    <controlfield tag="007">tu</controlfield>
    <controlfield tag="008">940930s1994    gw ||||| |||| 00||||ger  </controlfield>
    <datafield tag="015" ind1=" " ind2=" ">
      <subfield code="a">94,A50,0019</subfield>
      <subfield code="z">94,N43,0005</subfield>
      <subfield code="2">dnb</subfield>
    </datafield>
    <datafield tag="016" ind1="7" ind2=" ">
      <subfield code="2">DE-101</subfield>
      <subfield code="a">942336429</subfield>
    </datafield>
    <datafield tag="020" ind1=" " ind2=" ">
      <subfield code="a">9783775705288</subfield>
      <subfield code="c">kart. : DM 48.00, sfr 48.00, S 375.00</subfield>
      <subfield code="9">978-3-7757-0528-8</subfield>
    </datafield>
    <datafield tag="020" ind1=" " ind2=" ">
      <subfield code="a">3775705287</subfield>
      <subfield code="c">kart. : DM 48.00, sfr 48.00, S 375.00</subfield>
      <subfield code="9">3-7757-0528-7</subfield>
    </datafield>
    <datafield tag="024" ind1="8" ind2=" ">
      <subfield code="a">sw076151</subfield>
    </datafield>
    <datafield tag="035" ind1=" " ind2=" ">
      <subfield code="a">(DE-599)DNB942336429</subfield>
    </datafield>
    <datafield tag="035" ind1=" " ind2=" ">
      <subfield code="a">(OCoLC)75552691</subfield>
    </datafield>
    <datafield tag="040" ind1=" " ind2=" ">
      <subfield code="a">1240</subfield>
      <subfield code="b">ger</subfield>
      <subfield code="c">DE-101</subfield>
      <subfield code="d">1140</subfield>
    </datafield>
    <datafield tag="041" ind1=" " ind2=" ">
      <subfield code="a">ger</subfield>
    </datafield>
    <datafield tag="044" ind1=" " ind2=" ">
      <subfield code="c">XA-DE</subfield>
    </datafield>
    <datafield tag="084" ind1=" " ind2=" ">
      <subfield code="a">02</subfield>
      <subfield code="a">03</subfield>
      <subfield code="a">020</subfield>
      <subfield code="a">070</subfield>
      <subfield code="a">090</subfield>
      <subfield code="q">DE-101</subfield>
      <subfield code="2">sdnb</subfield>
    </datafield>
    <datafield tag="084" ind1=" " ind2=" ">
      <subfield code="a">2.2</subfield>
      <subfield code="a">2.2</subfield>
      <subfield code="q">DE-101</subfield>
      <subfield code="2">sswd</subfield>
    </datafield>
    <datafield tag="245" ind1="0" ind2="0">
      <subfield code="a">Paul-Steegemann-Verlag 1919 - 1935/1949 - 1955</subfield>
      <subfield code="b">Sammlung Marzona ; [Sprengel-Museum Hannover, 3.X.1994 - 15.I.1995]</subfield>
      <subfield code="c">Jochen Meyer. [Katalog Ulrich Krempel ; Egidio Marzona ; Jochen Meyer]</subfield>
    </datafield>
    <datafield tag="264" ind1=" " ind2="1">
      <subfield code="a">Stuttgart</subfield>
      <subfield code="b">Hatje</subfield>
      <subfield code="c">1994</subfield>
    </datafield>
    <datafield tag="300" ind1=" " ind2=" ">
      <subfield code="a">191 S.</subfield>
      <subfield code="b">Ill.</subfield>
      <subfield code="c">25 cm</subfield>
    </datafield>
    <datafield tag="336" ind1=" " ind2=" ">
      <subfield code="a">Text</subfield>
      <subfield code="b">txt</subfield>
      <subfield code="2">rdacontent</subfield>
    </datafield>
    <datafield tag="337" ind1=" " ind2=" ">
      <subfield code="a">ohne Hilfsmittel zu benutzen</subfield>
      <subfield code="b">n</subfield>
      <subfield code="2">rdamedia</subfield>
    </datafield>
    <datafield tag="338" ind1=" " ind2=" ">
      <subfield code="a">Band</subfield>
      <subfield code="b">nc</subfield>
      <subfield code="2">rdacarrier</subfield>
    </datafield>
    <datafield tag="366" ind1=" " ind2=" ">
      <subfield code="c">OP 20250104</subfield>
      <subfield code="2">onixas</subfield>
    </datafield>
    <datafield tag="500" ind1=" " ind2=" ">
      <subfield code="a">Bibliogr. P. Steegemann und Literaturverz. S. 184 - 191</subfield>
    </datafield>
    <datafield tag="610" ind1="2" ind2="7">
      <subfield code="0">(DE-588)6018270-2</subfield>
      <subfield code="0">https://d-nb.info/gnd/6018270-2</subfield>
      <subfield code="0">(DE-101)962525804</subfield>
      <subfield code="a">Paul-Steegemann-Verlag</subfield>
      <subfield code="9">rswk-swf</subfield>
      <subfield code="2">gnd</subfield>
    </datafield>
    <datafield tag="610" ind1="2" ind2="7">
      <subfield code="0">(DE-588)6018270-2</subfield>
      <subfield code="0">https://d-nb.info/gnd/6018270-2</subfield>
      <subfield code="0">(DE-101)962525804</subfield>
      <subfield code="a">Paul-Steegemann-Verlag</subfield>
      <subfield code="9">rswk-swf</subfield>
      <subfield code="2">gnd</subfield>
    </datafield>
    <datafield tag="655" ind1=" " ind2="7">
      <subfield code="0">(DE-588)4135467-9</subfield>
      <subfield code="0">https://d-nb.info/gnd/4135467-9</subfield>
      <subfield code="0">(DE-101)041354672</subfield>
      <subfield code="a">Ausstellungskatalog</subfield>
      <subfield code="y">1994</subfield>
      <subfield code="z">Hannover</subfield>
      <subfield code="2">gnd-content</subfield>
    </datafield>
    <datafield tag="655" ind1=" " ind2="7">
      <subfield code="0">(DE-588)4163417-2</subfield>
      <subfield code="0">https://d-nb.info/gnd/4163417-2</subfield>
      <subfield code="0">(DE-101)041634179</subfield>
      <subfield code="a">Katalog</subfield>
      <subfield code="2">gnd-content</subfield>
    </datafield>
    <datafield tag="655" ind1=" " ind2="7">
      <subfield code="a">Ausstellung</subfield>
      <subfield code="z">Hannover &lt;1994></subfield>
      <subfield code="9">rswk-swf</subfield>
      <subfield code="2">gnd</subfield>
    </datafield>
    <datafield tag="655" ind1=" " ind2="7">
      <subfield code="a">Katalog</subfield>
      <subfield code="9">rswk-swf</subfield>
      <subfield code="2">gnd</subfield>
    </datafield>
    <datafield tag="689" ind1="0" ind2="0">
      <subfield code="0">(DE-588)6018270-2</subfield>
      <subfield code="0">https://d-nb.info/gnd/6018270-2</subfield>
      <subfield code="0">(DE-101)962525804</subfield>
      <subfield code="D">b</subfield>
      <subfield code="a">Paul-Steegemann-Verlag</subfield>
    </datafield>
    <datafield tag="689" ind1="0" ind2="1">
      <subfield code="A">f</subfield>
      <subfield code="a">Ausstellung</subfield>
    </datafield>
    <datafield tag="689" ind1="0" ind2="2">
      <subfield code="A">g</subfield>
      <subfield code="a">Hannover &lt;1994></subfield>
    </datafield>
    <datafield tag="689" ind1="0" ind2=" ">
      <subfield code="5">DE-101</subfield>
    </datafield>
    <datafield tag="689" ind1="1" ind2="0">
      <subfield code="0">(DE-588)6018270-2</subfield>
      <subfield code="0">https://d-nb.info/gnd/6018270-2</subfield>
      <subfield code="0">(DE-101)962525804</subfield>
      <subfield code="D">b</subfield>
      <subfield code="a">Paul-Steegemann-Verlag</subfield>
    </datafield>
    <datafield tag="689" ind1="1" ind2="1">
      <subfield code="A">f</subfield>
      <subfield code="a">Katalog</subfield>
    </datafield>
    <datafield tag="689" ind1="1" ind2=" ">
      <subfield code="5">DE-101</subfield>
      <subfield code="5">DE-101</subfield>
    </datafield>
    <datafield tag="700" ind1="1" ind2=" ">
      <subfield code="8">1\p</subfield>
      <subfield code="0">(DE-588)1042074445</subfield>
      <subfield code="0">https://d-nb.info/gnd/1042074445</subfield>
      <subfield code="0">(DE-101)1042074445</subfield>
      <subfield code="a">Meyer, Jochen</subfield>
      <subfield code="d">1941-</subfield>
      <subfield code="e">Mitwirkender</subfield>
      <subfield code="4">ctb</subfield>
      <subfield code="2">gnd</subfield>
    </datafield>
    <datafield tag="700" ind1="1" ind2=" ">
      <subfield code="0">(DE-588)11543089X</subfield>
      <subfield code="0">https://d-nb.info/gnd/11543089X</subfield>
      <subfield code="0">(DE-101)11543089X</subfield>
      <subfield code="a">Krempel, Ulrich</subfield>
      <subfield code="d">1948-</subfield>
      <subfield code="e">Mitwirkender</subfield>
      <subfield code="4">ctb</subfield>
      <subfield code="2">gnd</subfield>
    </datafield>
    <datafield tag="700" ind1="1" ind2=" ">
      <subfield code="0">(DE-588)119294605</subfield>
      <subfield code="0">https://d-nb.info/gnd/119294605</subfield>
      <subfield code="0">(DE-101)119294605</subfield>
      <subfield code="a">Marzona, Egidio</subfield>
      <subfield code="d">1944-</subfield>
      <subfield code="e">Mitwirkender</subfield>
      <subfield code="4">ctb</subfield>
      <subfield code="2">gnd</subfield>
    </datafield>
    <datafield tag="710" ind1="2" ind2=" ">
      <subfield code="0">(DE-588)2083948-0</subfield>
      <subfield code="0">https://d-nb.info/gnd/2083948-0</subfield>
      <subfield code="0">(DE-101)007332122</subfield>
      <subfield code="a">Sprengel Museum Hannover</subfield>
      <subfield code="e">Herausgebendes Organ</subfield>
      <subfield code="4">isb</subfield>
      <subfield code="2">gnd</subfield>
    </datafield>
    <datafield tag="850" ind1=" " ind2=" ">
      <subfield code="a">DE-101a</subfield>
      <subfield code="a">DE-101b</subfield>
    </datafield>
    <datafield tag="856" ind1="4" ind2="2">
      <subfield code="m">V:DE-601</subfield>
      <subfield code="q">application/pdf</subfield>
      <subfield code="u">https://d-nb.info/942336429/04</subfield>
      <subfield code="3">Inhaltsverzeichnis</subfield>
    </datafield>
    <datafield tag="883" ind1=" " ind2=" ">
      <subfield code="8">1\p</subfield>
      <subfield code="a">cgwrk</subfield>
      <subfield code="d">20210314</subfield>
      <subfield code="q">DE-101</subfield>
      <subfield code="u">https://d-nb.info/provenance/plan#cgwrk</subfield>
    </datafield>
    <datafield tag="925" ind1="r" ind2=" ">
      <subfield code="a">ra</subfield>
    </datafield>
  </record></recordData><recordPosition>411</recordPosition></record>