<record><recordSchema>MARC21-xml</recordSchema><recordPacking>xml</recordPacking><recordData><record xmlns="http://www.loc.gov/MARC21/slim" type="Bibliographic">
    <leader>00000pam a2200000 c 4500</leader>
    <controlfield tag="001">931447275</controlfield>
    <controlfield tag="003">DE-101</controlfield>
    <controlfield tag="005">20241215180330.0</controlfield>
    <controlfield tag="007">tu</controlfield>
    <controlfield tag="008">930907s1993    gw ||||| |||| 00||||ger  </controlfield>
    <datafield tag="015" ind1=" " ind2=" ">
      <subfield code="a">94,A08,0842</subfield>
      <subfield code="z">93,N39,0952</subfield>
      <subfield code="2">dnb</subfield>
    </datafield>
    <datafield tag="016" ind1="7" ind2=" ">
      <subfield code="2">DE-101</subfield>
      <subfield code="a">931447275</subfield>
    </datafield>
    <datafield tag="020" ind1=" " ind2=" ">
      <subfield code="a">9783926174703</subfield>
      <subfield code="c">kart. : DM 38.00</subfield>
      <subfield code="9">978-3-926174-70-3</subfield>
    </datafield>
    <datafield tag="020" ind1=" " ind2=" ">
      <subfield code="a">3926174706</subfield>
      <subfield code="c">kart. : DM 38.00</subfield>
      <subfield code="9">3-926174-70-6</subfield>
    </datafield>
    <datafield tag="035" ind1=" " ind2=" ">
      <subfield code="a">(DE-599)DNB931447275</subfield>
    </datafield>
    <datafield tag="035" ind1=" " ind2=" ">
      <subfield code="a">(OCoLC)311857440</subfield>
    </datafield>
    <datafield tag="040" ind1=" " ind2=" ">
      <subfield code="a">1200</subfield>
      <subfield code="b">ger</subfield>
      <subfield code="c">DE-101</subfield>
      <subfield code="d">9999</subfield>
    </datafield>
    <datafield tag="041" ind1=" " ind2=" ">
      <subfield code="a">ger</subfield>
    </datafield>
    <datafield tag="043" ind1=" " ind2=" ">
      <subfield code="c">XA-DE-NI</subfield>
    </datafield>
    <datafield tag="044" ind1=" " ind2=" ">
      <subfield code="c">XA-DE</subfield>
    </datafield>
    <datafield tag="084" ind1=" " ind2=" ">
      <subfield code="a">46</subfield>
      <subfield code="a">48</subfield>
      <subfield code="a">63</subfield>
      <subfield code="a">700</subfield>
      <subfield code="a">730</subfield>
      <subfield code="a">740</subfield>
      <subfield code="a">750</subfield>
      <subfield code="a">760</subfield>
      <subfield code="q">DE-101</subfield>
      <subfield code="2">sdnb</subfield>
    </datafield>
    <datafield tag="084" ind1=" " ind2=" ">
      <subfield code="a">13.1a</subfield>
      <subfield code="a">16.5</subfield>
      <subfield code="a">6.1b</subfield>
      <subfield code="a">13.1b</subfield>
      <subfield code="q">DE-101</subfield>
      <subfield code="2">sswd</subfield>
    </datafield>
    <datafield tag="245" ind1="0" ind2="0">
      <subfield code="a">Kulturaustreibung</subfield>
      <subfield code="b">die Einflussnahme des Nationalsozialismus auf Kunst und Kultur in Niedersachsen ; [eine Dokumentation zur gleichnamigen Ausstellung ; Ausstellung der Hannoverschen Gesellschaft für Neue Musik in Zusammenarbeit mit dem Sprengel-Museum Hannover und dem Niedersächsischen Landesmuseum Hannover ; Forum des Landesmuseums, 7. September bis 28. Oktober 1993]</subfield>
      <subfield code="c">hrsg. von Hinrich Bergmeier und Günter Katzenberger</subfield>
    </datafield>
    <datafield tag="264" ind1=" " ind2="1">
      <subfield code="a">Hamburg</subfield>
      <subfield code="b">Dölling und Galitz</subfield>
      <subfield code="c">1993</subfield>
    </datafield>
    <datafield tag="300" ind1=" " ind2=" ">
      <subfield code="a">229 S.</subfield>
      <subfield code="b">zahlr. Ill.</subfield>
    </datafield>
    <datafield tag="336" ind1=" " ind2=" ">
      <subfield code="a">Text</subfield>
      <subfield code="b">txt</subfield>
      <subfield code="2">rdacontent</subfield>
    </datafield>
    <datafield tag="336" ind1=" " ind2=" ">
      <subfield code="a">unbewegtes Bild</subfield>
      <subfield code="b">sti</subfield>
      <subfield code="2">rdacontent</subfield>
    </datafield>
    <datafield tag="337" ind1=" " ind2=" ">
      <subfield code="a">ohne Hilfsmittel zu benutzen</subfield>
      <subfield code="b">n</subfield>
      <subfield code="2">rdamedia</subfield>
    </datafield>
    <datafield tag="338" ind1=" " ind2=" ">
      <subfield code="a">Band</subfield>
      <subfield code="b">nc</subfield>
      <subfield code="2">rdacarrier</subfield>
    </datafield>
    <datafield tag="366" ind1=" " ind2=" ">
      <subfield code="c">OP 20241204</subfield>
      <subfield code="2">onixas</subfield>
    </datafield>
    <datafield tag="650" ind1=" " ind2="7">
      <subfield code="0">(DE-588)4041316-0</subfield>
      <subfield code="0">https://d-nb.info/gnd/4041316-0</subfield>
      <subfield code="0">(DE-101)040413160</subfield>
      <subfield code="a">Nationalsozialismus</subfield>
      <subfield code="9">rswk-swf</subfield>
      <subfield code="2">gnd</subfield>
    </datafield>
    <datafield tag="650" ind1=" " ind2="7">
      <subfield code="0">(DE-588)4033667-0</subfield>
      <subfield code="0">https://d-nb.info/gnd/4033667-0</subfield>
      <subfield code="0">(DE-101)040336670</subfield>
      <subfield code="a">Kunstpolitik</subfield>
      <subfield code="9">rswk-swf</subfield>
      <subfield code="2">gnd</subfield>
    </datafield>
    <datafield tag="651" ind1=" " ind2="7">
      <subfield code="0">(DE-588)4042226-4</subfield>
      <subfield code="0">https://d-nb.info/gnd/4042226-4</subfield>
      <subfield code="0">(DE-101)040422267</subfield>
      <subfield code="a">Niedersachsen</subfield>
      <subfield code="9">rswk-swf</subfield>
      <subfield code="2">gnd</subfield>
    </datafield>
    <datafield tag="655" ind1=" " ind2="7">
      <subfield code="0">(DE-588)4143413-4</subfield>
      <subfield code="0">https://d-nb.info/gnd/4143413-4</subfield>
      <subfield code="0">(DE-101)041434137</subfield>
      <subfield code="a">Aufsatzsammlung</subfield>
      <subfield code="2">gnd-content</subfield>
    </datafield>
    <datafield tag="655" ind1=" " ind2="7">
      <subfield code="a">Aufsatzsammlung</subfield>
      <subfield code="9">rswk-swf</subfield>
      <subfield code="2">gnd</subfield>
    </datafield>
    <datafield tag="689" ind1="0" ind2="0">
      <subfield code="0">(DE-588)4042226-4</subfield>
      <subfield code="0">https://d-nb.info/gnd/4042226-4</subfield>
      <subfield code="0">(DE-101)040422267</subfield>
      <subfield code="D">g</subfield>
      <subfield code="a">Niedersachsen</subfield>
    </datafield>
    <datafield tag="689" ind1="0" ind2="1">
      <subfield code="0">(DE-588)4041316-0</subfield>
      <subfield code="0">https://d-nb.info/gnd/4041316-0</subfield>
      <subfield code="0">(DE-101)040413160</subfield>
      <subfield code="D">s</subfield>
      <subfield code="a">Nationalsozialismus</subfield>
    </datafield>
    <datafield tag="689" ind1="0" ind2="2">
      <subfield code="0">(DE-588)4033667-0</subfield>
      <subfield code="0">https://d-nb.info/gnd/4033667-0</subfield>
      <subfield code="0">(DE-101)040336670</subfield>
      <subfield code="D">s</subfield>
      <subfield code="a">Kunstpolitik</subfield>
    </datafield>
    <datafield tag="689" ind1="0" ind2="3">
      <subfield code="A">f</subfield>
      <subfield code="a">Aufsatzsammlung</subfield>
    </datafield>
    <datafield tag="689" ind1="0" ind2=" ">
      <subfield code="5">DE-101</subfield>
      <subfield code="5">DE-101</subfield>
    </datafield>
    <datafield tag="700" ind1="1" ind2=" ">
      <subfield code="8">1\p</subfield>
      <subfield code="0">(DE-588)1317496612</subfield>
      <subfield code="0">https://d-nb.info/gnd/1317496612</subfield>
      <subfield code="0">(DE-101)1317496612</subfield>
      <subfield code="a">Bergmeier, Hinrich</subfield>
      <subfield code="e">Herausgeber</subfield>
      <subfield code="4">edt</subfield>
      <subfield code="2">gnd</subfield>
    </datafield>
    <datafield tag="710" ind1="2" ind2=" ">
      <subfield code="0">(DE-588)3009697-2</subfield>
      <subfield code="0">https://d-nb.info/gnd/3009697-2</subfield>
      <subfield code="0">(DE-101)030096979</subfield>
      <subfield code="a">Hannoversche Gesellschaft für Neue Musik</subfield>
      <subfield code="e">Herausgebendes Organ</subfield>
      <subfield code="4">isb</subfield>
      <subfield code="2">gnd</subfield>
    </datafield>
    <datafield tag="850" ind1=" " ind2=" ">
      <subfield code="a">DE-101a</subfield>
      <subfield code="a">DE-101b</subfield>
    </datafield>
    <datafield tag="856" ind1="4" ind2="2">
      <subfield code="m">B:DE-101</subfield>
      <subfield code="q">application/pdf</subfield>
      <subfield code="u">https://d-nb.info/931447275/04</subfield>
      <subfield code="3">Inhaltsverzeichnis</subfield>
    </datafield>
    <datafield tag="883" ind1=" " ind2=" ">
      <subfield code="8">1\p</subfield>
      <subfield code="a">cgwrk</subfield>
      <subfield code="d">20241201</subfield>
      <subfield code="q">DE-101</subfield>
      <subfield code="u">https://d-nb.info/provenance/plan#cgwrk</subfield>
    </datafield>
    <datafield tag="925" ind1="r" ind2=" ">
      <subfield code="a">ra</subfield>
    </datafield>
  </record></recordData><recordPosition>421</recordPosition></record>