<record><recordSchema>MARC21-xml</recordSchema><recordPacking>xml</recordPacking><recordData><record xmlns="http://www.loc.gov/MARC21/slim" type="Bibliographic">
    <leader>00000pam a2200000 c 4500</leader>
    <controlfield tag="001">920800092</controlfield>
    <controlfield tag="003">DE-101</controlfield>
    <controlfield tag="005">20241128193654.0</controlfield>
    <controlfield tag="007">tu</controlfield>
    <controlfield tag="008">920527s1992    gw ||||| |||| 00||||ger  </controlfield>
    <datafield tag="015" ind1=" " ind2=" ">
      <subfield code="a">93,A14,0905</subfield>
      <subfield code="z">92,N26,0504</subfield>
      <subfield code="2">dnb</subfield>
    </datafield>
    <datafield tag="016" ind1="7" ind2=" ">
      <subfield code="2">DE-101</subfield>
      <subfield code="a">920800092</subfield>
    </datafield>
    <datafield tag="020" ind1=" " ind2=" ">
      <subfield code="a">9783777459707</subfield>
      <subfield code="c">kart. : DM 29.00</subfield>
      <subfield code="9">978-3-7774-5970-7</subfield>
    </datafield>
    <datafield tag="020" ind1=" " ind2=" ">
      <subfield code="a">3777459704</subfield>
      <subfield code="c">kart. : DM 29.00</subfield>
      <subfield code="9">3-7774-5970-4</subfield>
    </datafield>
    <datafield tag="035" ind1=" " ind2=" ">
      <subfield code="a">(DE-599)DNB920800092</subfield>
    </datafield>
    <datafield tag="035" ind1=" " ind2=" ">
      <subfield code="a">(OCoLC)722461667</subfield>
    </datafield>
    <datafield tag="040" ind1=" " ind2=" ">
      <subfield code="a">1200</subfield>
      <subfield code="b">ger</subfield>
      <subfield code="c">DE-101</subfield>
      <subfield code="d">9999</subfield>
    </datafield>
    <datafield tag="041" ind1=" " ind2=" ">
      <subfield code="a">ger</subfield>
    </datafield>
    <datafield tag="044" ind1=" " ind2=" ">
      <subfield code="c">XA-DE</subfield>
    </datafield>
    <datafield tag="084" ind1=" " ind2=" ">
      <subfield code="a">45</subfield>
      <subfield code="a">41</subfield>
      <subfield code="a">720</subfield>
      <subfield code="q">DE-101</subfield>
      <subfield code="2">sdnb</subfield>
    </datafield>
    <datafield tag="084" ind1=" " ind2=" ">
      <subfield code="a">10.6a</subfield>
      <subfield code="a">31.3a</subfield>
      <subfield code="q">DE-101</subfield>
      <subfield code="2">sswd</subfield>
    </datafield>
    <datafield tag="245" ind1="0" ind2="0">
      <subfield code="a">Busstops</subfield>
      <subfield code="b">internationales Design-Projekt Hannover 1992 ; Andreas Brandolini ... ; [eine Ausstellung der Stiftung Niedersachsen in Zusammenarb. mit dem Sprengel-Museum, Hannover ... ; Kestner-Museum, 20.6. - 20.9.1992]</subfield>
      <subfield code="c">hrsg. von Lothar Romain</subfield>
    </datafield>
    <datafield tag="264" ind1=" " ind2="1">
      <subfield code="a">München</subfield>
      <subfield code="b">Hirmer</subfield>
      <subfield code="c">1992</subfield>
    </datafield>
    <datafield tag="300" ind1=" " ind2=" ">
      <subfield code="a">170 S.</subfield>
      <subfield code="b">Ill.</subfield>
      <subfield code="c">27 cm</subfield>
    </datafield>
    <datafield tag="336" ind1=" " ind2=" ">
      <subfield code="a">Text</subfield>
      <subfield code="b">txt</subfield>
      <subfield code="2">rdacontent</subfield>
    </datafield>
    <datafield tag="337" ind1=" " ind2=" ">
      <subfield code="a">ohne Hilfsmittel zu benutzen</subfield>
      <subfield code="b">n</subfield>
      <subfield code="2">rdamedia</subfield>
    </datafield>
    <datafield tag="338" ind1=" " ind2=" ">
      <subfield code="a">Band</subfield>
      <subfield code="b">nc</subfield>
      <subfield code="2">rdacarrier</subfield>
    </datafield>
    <datafield tag="366" ind1=" " ind2=" ">
      <subfield code="c">OP 20241128</subfield>
      <subfield code="2">onixas</subfield>
    </datafield>
    <datafield tag="650" ind1=" " ind2="7">
      <subfield code="0">(DE-588)4158936-1</subfield>
      <subfield code="0">https://d-nb.info/gnd/4158936-1</subfield>
      <subfield code="0">(DE-101)04158936X</subfield>
      <subfield code="a">Haltestelle</subfield>
      <subfield code="9">rswk-swf</subfield>
      <subfield code="2">gnd</subfield>
    </datafield>
    <datafield tag="650" ind1=" " ind2="7">
      <subfield code="0">(DE-588)4172577-3</subfield>
      <subfield code="0">https://d-nb.info/gnd/4172577-3</subfield>
      <subfield code="0">(DE-101)041725778</subfield>
      <subfield code="a">Omnibuslinienverkehr</subfield>
      <subfield code="9">rswk-swf</subfield>
      <subfield code="2">gnd</subfield>
    </datafield>
    <datafield tag="650" ind1=" " ind2="7">
      <subfield code="0">(DE-588)4004744-1</subfield>
      <subfield code="0">https://d-nb.info/gnd/4004744-1</subfield>
      <subfield code="0">(DE-101)04004744X</subfield>
      <subfield code="a">Bauentwurf</subfield>
      <subfield code="9">rswk-swf</subfield>
      <subfield code="2">gnd</subfield>
    </datafield>
    <datafield tag="655" ind1=" " ind2="7">
      <subfield code="0">(DE-588)4135467-9</subfield>
      <subfield code="0">https://d-nb.info/gnd/4135467-9</subfield>
      <subfield code="0">(DE-101)041354672</subfield>
      <subfield code="a">Ausstellungskatalog</subfield>
      <subfield code="y">1992</subfield>
      <subfield code="z">Hannover</subfield>
      <subfield code="2">gnd-content</subfield>
    </datafield>
    <datafield tag="655" ind1=" " ind2="7">
      <subfield code="a">Ausstellung</subfield>
      <subfield code="z">Hannover &lt;1992></subfield>
      <subfield code="9">rswk-swf</subfield>
      <subfield code="2">gnd</subfield>
    </datafield>
    <datafield tag="689" ind1="0" ind2="0">
      <subfield code="0">(DE-588)4158936-1</subfield>
      <subfield code="0">https://d-nb.info/gnd/4158936-1</subfield>
      <subfield code="0">(DE-101)04158936X</subfield>
      <subfield code="D">s</subfield>
      <subfield code="a">Haltestelle</subfield>
    </datafield>
    <datafield tag="689" ind1="0" ind2="1">
      <subfield code="0">(DE-588)4172577-3</subfield>
      <subfield code="0">https://d-nb.info/gnd/4172577-3</subfield>
      <subfield code="0">(DE-101)041725778</subfield>
      <subfield code="D">s</subfield>
      <subfield code="a">Omnibuslinienverkehr</subfield>
    </datafield>
    <datafield tag="689" ind1="0" ind2="2">
      <subfield code="0">(DE-588)4004744-1</subfield>
      <subfield code="0">https://d-nb.info/gnd/4004744-1</subfield>
      <subfield code="0">(DE-101)04004744X</subfield>
      <subfield code="D">s</subfield>
      <subfield code="a">Bauentwurf</subfield>
    </datafield>
    <datafield tag="689" ind1="0" ind2="3">
      <subfield code="A">f</subfield>
      <subfield code="a">Ausstellung</subfield>
    </datafield>
    <datafield tag="689" ind1="0" ind2="4">
      <subfield code="A">g</subfield>
      <subfield code="a">Hannover &lt;1992></subfield>
    </datafield>
    <datafield tag="689" ind1="0" ind2=" ">
      <subfield code="5">DE-101</subfield>
      <subfield code="5">DE-101</subfield>
    </datafield>
    <datafield tag="700" ind1="1" ind2=" ">
      <subfield code="0">(DE-588)120976951</subfield>
      <subfield code="0">https://d-nb.info/gnd/120976951</subfield>
      <subfield code="0">(DE-101)120976951</subfield>
      <subfield code="a">Brandolini, Andreas</subfield>
      <subfield code="d">1951-</subfield>
      <subfield code="e">Illustrator</subfield>
      <subfield code="4">ill</subfield>
      <subfield code="2">gnd</subfield>
    </datafield>
    <datafield tag="700" ind1="1" ind2=" ">
      <subfield code="0">(DE-588)122448073</subfield>
      <subfield code="0">https://d-nb.info/gnd/122448073</subfield>
      <subfield code="0">(DE-101)122448073</subfield>
      <subfield code="a">Romain, Lothar</subfield>
      <subfield code="d">1944-2005</subfield>
      <subfield code="e">Herausgeber</subfield>
      <subfield code="4">edt</subfield>
      <subfield code="2">gnd</subfield>
    </datafield>
    <datafield tag="710" ind1="2" ind2=" ">
      <subfield code="8">1\p</subfield>
      <subfield code="0">(DE-588)16286728-1</subfield>
      <subfield code="0">https://d-nb.info/gnd/16286728-1</subfield>
      <subfield code="0">(DE-101)056061803</subfield>
      <subfield code="a">Kestner-Museum</subfield>
      <subfield code="e">Herausgebendes Organ</subfield>
      <subfield code="4">isb</subfield>
      <subfield code="2">gnd</subfield>
    </datafield>
    <datafield tag="710" ind1="2" ind2=" ">
      <subfield code="0">(DE-588)2098897-7</subfield>
      <subfield code="0">https://d-nb.info/gnd/2098897-7</subfield>
      <subfield code="0">(DE-101)007474938</subfield>
      <subfield code="a">Stiftung Niedersachsen</subfield>
      <subfield code="e">Herausgebendes Organ</subfield>
      <subfield code="4">isb</subfield>
      <subfield code="2">gnd</subfield>
    </datafield>
    <datafield tag="850" ind1=" " ind2=" ">
      <subfield code="a">DE-101b</subfield>
    </datafield>
    <datafield tag="856" ind1="4" ind2="2">
      <subfield code="m">B:DE-101</subfield>
      <subfield code="q">application/pdf</subfield>
      <subfield code="u">https://d-nb.info/920800092/04</subfield>
      <subfield code="3">Inhaltsverzeichnis</subfield>
    </datafield>
    <datafield tag="883" ind1="2" ind2=" ">
      <subfield code="8">1\p</subfield>
      <subfield code="a">dnb</subfield>
      <subfield code="d">20211126</subfield>
      <subfield code="q">DE-101</subfield>
      <subfield code="u">https://d-nb.info/provenance/plan#dnb</subfield>
    </datafield>
    <datafield tag="925" ind1="r" ind2=" ">
      <subfield code="a">ra</subfield>
    </datafield>
  </record></recordData><recordPosition>425</recordPosition></record>