<record><recordSchema>MARC21-xml</recordSchema><recordPacking>xml</recordPacking><recordData><record xmlns="http://www.loc.gov/MARC21/slim" type="Bibliographic">
    <leader>00000pam a2200000 c 4500</leader>
    <controlfield tag="001">911034501</controlfield>
    <controlfield tag="003">DE-101</controlfield>
    <controlfield tag="005">20241127193844.0</controlfield>
    <controlfield tag="007">tu</controlfield>
    <controlfield tag="008">910719s1992    gw ||||| |||| 00||||ger  </controlfield>
    <datafield tag="015" ind1=" " ind2=" ">
      <subfield code="a">92,A35,1079</subfield>
      <subfield code="z">91,N33,0577</subfield>
      <subfield code="2">dnb</subfield>
    </datafield>
    <datafield tag="016" ind1="7" ind2=" ">
      <subfield code="2">DE-101</subfield>
      <subfield code="a">911034501</subfield>
    </datafield>
    <datafield tag="020" ind1=" " ind2=" ">
      <subfield code="a">9783875851724</subfield>
      <subfield code="c">Pp. : DM 29.80, sfr 28.00, S 229.50</subfield>
      <subfield code="9">978-3-87585-172-4</subfield>
    </datafield>
    <datafield tag="020" ind1=" " ind2=" ">
      <subfield code="a">3875851722</subfield>
      <subfield code="c">Pp. : DM 29.80, sfr 28.00, S 229.50</subfield>
      <subfield code="9">3-87585-172-2</subfield>
    </datafield>
    <datafield tag="035" ind1=" " ind2=" ">
      <subfield code="a">(DE-599)DNB911034501</subfield>
    </datafield>
    <datafield tag="035" ind1=" " ind2=" ">
      <subfield code="a">(OCoLC)231219591</subfield>
    </datafield>
    <datafield tag="040" ind1=" " ind2=" ">
      <subfield code="a">1200</subfield>
      <subfield code="b">ger</subfield>
      <subfield code="c">DE-101</subfield>
      <subfield code="d">9999</subfield>
    </datafield>
    <datafield tag="041" ind1=" " ind2=" ">
      <subfield code="a">ger</subfield>
    </datafield>
    <datafield tag="043" ind1=" " ind2=" ">
      <subfield code="c">XA-DE-NI</subfield>
      <subfield code="c">XA-DE-NI</subfield>
    </datafield>
    <datafield tag="044" ind1=" " ind2=" ">
      <subfield code="c">XA-DE</subfield>
    </datafield>
    <datafield tag="084" ind1=" " ind2=" ">
      <subfield code="a">46</subfield>
      <subfield code="a">700</subfield>
      <subfield code="a">730</subfield>
      <subfield code="a">740</subfield>
      <subfield code="a">750</subfield>
      <subfield code="a">760</subfield>
      <subfield code="q">DE-101</subfield>
      <subfield code="2">sdnb</subfield>
    </datafield>
    <datafield tag="084" ind1=" " ind2=" ">
      <subfield code="a">6.8</subfield>
      <subfield code="a">13.1a</subfield>
      <subfield code="a">13.2</subfield>
      <subfield code="a">6.8</subfield>
      <subfield code="a">13.1a</subfield>
      <subfield code="a">13.3</subfield>
      <subfield code="q">DE-101</subfield>
      <subfield code="2">sswd</subfield>
    </datafield>
    <datafield tag="245" ind1="0" ind2="0">
      <subfield code="a">Kunst im 20. Jahrhundert</subfield>
      <subfield code="b">Studien zu Malerei und Plastik im Sprengel Museum Hannover</subfield>
      <subfield code="c">Ingeborg Bloth ; Heino R. Möller</subfield>
    </datafield>
    <datafield tag="264" ind1=" " ind2="1">
      <subfield code="a">Hameln</subfield>
      <subfield code="b">Niemeyer</subfield>
      <subfield code="c">1992</subfield>
    </datafield>
    <datafield tag="300" ind1=" " ind2=" ">
      <subfield code="a">201 S.</subfield>
      <subfield code="b">zahlr. Ill.</subfield>
      <subfield code="c">28 cm</subfield>
    </datafield>
    <datafield tag="336" ind1=" " ind2=" ">
      <subfield code="a">Text</subfield>
      <subfield code="b">txt</subfield>
      <subfield code="2">rdacontent</subfield>
    </datafield>
    <datafield tag="336" ind1=" " ind2=" ">
      <subfield code="a">unbewegtes Bild</subfield>
      <subfield code="b">sti</subfield>
      <subfield code="2">rdacontent</subfield>
    </datafield>
    <datafield tag="337" ind1=" " ind2=" ">
      <subfield code="a">ohne Hilfsmittel zu benutzen</subfield>
      <subfield code="b">n</subfield>
      <subfield code="2">rdamedia</subfield>
    </datafield>
    <datafield tag="338" ind1=" " ind2=" ">
      <subfield code="a">Band</subfield>
      <subfield code="b">nc</subfield>
      <subfield code="2">rdacarrier</subfield>
    </datafield>
    <datafield tag="366" ind1=" " ind2=" ">
      <subfield code="c">OP 20241127</subfield>
      <subfield code="2">onixas</subfield>
    </datafield>
    <datafield tag="490" ind1="1" ind2=" ">
      <subfield code="a">Art in science - science in art</subfield>
      <subfield code="v">Bd. 2</subfield>
    </datafield>
    <datafield tag="610" ind1="2" ind2="7">
      <subfield code="0">(DE-588)2083948-0</subfield>
      <subfield code="0">https://d-nb.info/gnd/2083948-0</subfield>
      <subfield code="0">(DE-101)007332122</subfield>
      <subfield code="a">Sprengel Museum Hannover</subfield>
      <subfield code="9">rswk-swf</subfield>
      <subfield code="2">gnd</subfield>
    </datafield>
    <datafield tag="610" ind1="2" ind2="7">
      <subfield code="0">(DE-588)2083948-0</subfield>
      <subfield code="0">https://d-nb.info/gnd/2083948-0</subfield>
      <subfield code="0">(DE-101)007332122</subfield>
      <subfield code="a">Sprengel Museum Hannover</subfield>
      <subfield code="9">rswk-swf</subfield>
      <subfield code="2">gnd</subfield>
    </datafield>
    <datafield tag="650" ind1=" " ind2="7">
      <subfield code="0">(DE-588)4046277-8</subfield>
      <subfield code="0">https://d-nb.info/gnd/4046277-8</subfield>
      <subfield code="0">(DE-101)040462773</subfield>
      <subfield code="a">Plastik</subfield>
      <subfield code="9">rswk-swf</subfield>
      <subfield code="2">gnd</subfield>
    </datafield>
    <datafield tag="650" ind1=" " ind2="7">
      <subfield code="0">(DE-588)4125321-8</subfield>
      <subfield code="0">https://d-nb.info/gnd/4125321-8</subfield>
      <subfield code="0">(DE-101)041253213</subfield>
      <subfield code="a">Kunstbetrachtung</subfield>
      <subfield code="9">rswk-swf</subfield>
      <subfield code="2">gnd</subfield>
    </datafield>
    <datafield tag="650" ind1=" " ind2="7">
      <subfield code="0">(DE-588)4037220-0</subfield>
      <subfield code="0">https://d-nb.info/gnd/4037220-0</subfield>
      <subfield code="0">(DE-101)040372200</subfield>
      <subfield code="a">Malerei</subfield>
      <subfield code="9">rswk-swf</subfield>
      <subfield code="2">gnd</subfield>
    </datafield>
    <datafield tag="650" ind1=" " ind2="7">
      <subfield code="0">(DE-588)4125321-8</subfield>
      <subfield code="0">https://d-nb.info/gnd/4125321-8</subfield>
      <subfield code="0">(DE-101)041253213</subfield>
      <subfield code="a">Kunstbetrachtung</subfield>
      <subfield code="9">rswk-swf</subfield>
      <subfield code="2">gnd</subfield>
    </datafield>
    <datafield tag="655" ind1=" " ind2="7">
      <subfield code="0">(DE-588)4143413-4</subfield>
      <subfield code="0">https://d-nb.info/gnd/4143413-4</subfield>
      <subfield code="0">(DE-101)041434137</subfield>
      <subfield code="a">Aufsatzsammlung</subfield>
      <subfield code="2">gnd-content</subfield>
    </datafield>
    <datafield tag="655" ind1=" " ind2="7">
      <subfield code="a">Aufsatzsammlung</subfield>
      <subfield code="9">rswk-swf</subfield>
      <subfield code="2">gnd</subfield>
    </datafield>
    <datafield tag="655" ind1=" " ind2="7">
      <subfield code="a">Aufsatzsammlung</subfield>
      <subfield code="9">rswk-swf</subfield>
      <subfield code="2">gnd</subfield>
    </datafield>
    <datafield tag="689" ind1="0" ind2="0">
      <subfield code="0">(DE-588)2083948-0</subfield>
      <subfield code="0">https://d-nb.info/gnd/2083948-0</subfield>
      <subfield code="0">(DE-101)007332122</subfield>
      <subfield code="D">b</subfield>
      <subfield code="a">Sprengel Museum Hannover</subfield>
    </datafield>
    <datafield tag="689" ind1="0" ind2="1">
      <subfield code="0">(DE-588)4046277-8</subfield>
      <subfield code="0">https://d-nb.info/gnd/4046277-8</subfield>
      <subfield code="0">(DE-101)040462773</subfield>
      <subfield code="D">s</subfield>
      <subfield code="a">Plastik</subfield>
    </datafield>
    <datafield tag="689" ind1="0" ind2="2">
      <subfield code="0">(DE-588)4125321-8</subfield>
      <subfield code="0">https://d-nb.info/gnd/4125321-8</subfield>
      <subfield code="0">(DE-101)041253213</subfield>
      <subfield code="D">s</subfield>
      <subfield code="a">Kunstbetrachtung</subfield>
    </datafield>
    <datafield tag="689" ind1="0" ind2="3">
      <subfield code="A">f</subfield>
      <subfield code="a">Aufsatzsammlung</subfield>
    </datafield>
    <datafield tag="689" ind1="0" ind2=" ">
      <subfield code="5">DE-101</subfield>
      <subfield code="5">DE-101</subfield>
    </datafield>
    <datafield tag="689" ind1="1" ind2="0">
      <subfield code="0">(DE-588)2083948-0</subfield>
      <subfield code="0">https://d-nb.info/gnd/2083948-0</subfield>
      <subfield code="0">(DE-101)007332122</subfield>
      <subfield code="D">b</subfield>
      <subfield code="a">Sprengel Museum Hannover</subfield>
    </datafield>
    <datafield tag="689" ind1="1" ind2="1">
      <subfield code="0">(DE-588)4037220-0</subfield>
      <subfield code="0">https://d-nb.info/gnd/4037220-0</subfield>
      <subfield code="0">(DE-101)040372200</subfield>
      <subfield code="D">s</subfield>
      <subfield code="a">Malerei</subfield>
    </datafield>
    <datafield tag="689" ind1="1" ind2="2">
      <subfield code="0">(DE-588)4125321-8</subfield>
      <subfield code="0">https://d-nb.info/gnd/4125321-8</subfield>
      <subfield code="0">(DE-101)041253213</subfield>
      <subfield code="D">s</subfield>
      <subfield code="a">Kunstbetrachtung</subfield>
    </datafield>
    <datafield tag="689" ind1="1" ind2="3">
      <subfield code="A">f</subfield>
      <subfield code="a">Aufsatzsammlung</subfield>
    </datafield>
    <datafield tag="689" ind1="1" ind2=" ">
      <subfield code="5">DE-101</subfield>
      <subfield code="5">DE-101</subfield>
    </datafield>
    <datafield tag="700" ind1="1" ind2=" ">
      <subfield code="8">1\p</subfield>
      <subfield code="0">(DE-588)171980875</subfield>
      <subfield code="0">https://d-nb.info/gnd/171980875</subfield>
      <subfield code="0">(DE-101)171980875</subfield>
      <subfield code="a">Bloth, Ingeborg</subfield>
      <subfield code="e">Mitwirkender</subfield>
      <subfield code="4">ctb</subfield>
      <subfield code="2">gnd</subfield>
    </datafield>
    <datafield tag="700" ind1="1" ind2=" ">
      <subfield code="0">(DE-588)12888889X</subfield>
      <subfield code="0">https://d-nb.info/gnd/12888889X</subfield>
      <subfield code="0">(DE-101)12888889X</subfield>
      <subfield code="a">Möller, Heino R.</subfield>
      <subfield code="d">1936-</subfield>
      <subfield code="e">Mitwirkender</subfield>
      <subfield code="4">ctb</subfield>
      <subfield code="2">gnd</subfield>
    </datafield>
    <datafield tag="830" ind1=" " ind2="0">
      <subfield code="a">Art in science - science in art</subfield>
      <subfield code="v">Bd. 2</subfield>
      <subfield code="w">(DE-101)551855991</subfield>
      <subfield code="w">(DE-600)2292181-3</subfield>
      <subfield code="9">12</subfield>
      <subfield code="7">as</subfield>
    </datafield>
    <datafield tag="850" ind1=" " ind2=" ">
      <subfield code="a">DE-101a</subfield>
      <subfield code="a">DE-101b</subfield>
    </datafield>
    <datafield tag="856" ind1="4" ind2="2">
      <subfield code="m">V:DE-604</subfield>
      <subfield code="q">application/pdf</subfield>
      <subfield code="u">https://d-nb.info/911034501/04</subfield>
      <subfield code="3">Inhaltsverzeichnis</subfield>
    </datafield>
    <datafield tag="883" ind1=" " ind2=" ">
      <subfield code="8">1\p</subfield>
      <subfield code="a">cgwrk</subfield>
      <subfield code="d">20210314</subfield>
      <subfield code="q">DE-101</subfield>
      <subfield code="u">https://d-nb.info/provenance/plan#cgwrk</subfield>
    </datafield>
    <datafield tag="925" ind1="r" ind2=" ">
      <subfield code="a">ra</subfield>
    </datafield>
  </record></recordData><recordPosition>432</recordPosition></record>