<record><recordSchema>MARC21-xml</recordSchema><recordPacking>xml</recordPacking><recordData><record xmlns="http://www.loc.gov/MARC21/slim" type="Bibliographic">
    <leader>00000nam a2200000 c 4500</leader>
    <controlfield tag="001">930128222</controlfield>
    <controlfield tag="003">DE-101</controlfield>
    <controlfield tag="005">20241129194015.0</controlfield>
    <controlfield tag="007">tu</controlfield>
    <controlfield tag="008">921216s1992    gw ||||| |||| 00||||ger  </controlfield>
    <datafield tag="015" ind1=" " ind2=" ">
      <subfield code="a">93,A04,1400</subfield>
      <subfield code="2">dnb</subfield>
    </datafield>
    <datafield tag="016" ind1="7" ind2=" ">
      <subfield code="2">DE-101</subfield>
      <subfield code="a">930128222</subfield>
    </datafield>
    <datafield tag="020" ind1=" " ind2=" ">
      <subfield code="a">9783879093052</subfield>
      <subfield code="c">kart.</subfield>
      <subfield code="9">978-3-87909-305-2</subfield>
    </datafield>
    <datafield tag="020" ind1=" " ind2=" ">
      <subfield code="a">3879093059</subfield>
      <subfield code="c">kart.</subfield>
      <subfield code="9">3-87909-305-9</subfield>
    </datafield>
    <datafield tag="035" ind1=" " ind2=" ">
      <subfield code="a">(DE-599)DNB930128222</subfield>
    </datafield>
    <datafield tag="035" ind1=" " ind2=" ">
      <subfield code="a">(OCoLC)612905089</subfield>
    </datafield>
    <datafield tag="040" ind1=" " ind2=" ">
      <subfield code="a">1100</subfield>
      <subfield code="b">ger</subfield>
      <subfield code="c">DE-101</subfield>
      <subfield code="d">9999</subfield>
    </datafield>
    <datafield tag="041" ind1=" " ind2=" ">
      <subfield code="a">ger</subfield>
    </datafield>
    <datafield tag="043" ind1=" " ind2=" ">
      <subfield code="c">XA-DE-NI</subfield>
    </datafield>
    <datafield tag="044" ind1=" " ind2=" ">
      <subfield code="c">XA-DE</subfield>
    </datafield>
    <datafield tag="084" ind1=" " ind2=" ">
      <subfield code="a">49</subfield>
      <subfield code="a">47</subfield>
      <subfield code="a">59</subfield>
      <subfield code="a">790</subfield>
      <subfield code="a">791</subfield>
      <subfield code="a">792</subfield>
      <subfield code="q">DE-101</subfield>
      <subfield code="2">sdnb</subfield>
    </datafield>
    <datafield tag="084" ind1=" " ind2=" ">
      <subfield code="a">6.8</subfield>
      <subfield code="a">15.1</subfield>
      <subfield code="a">12.2a</subfield>
      <subfield code="a">13.5p</subfield>
      <subfield code="a">15.1</subfield>
      <subfield code="a">13.5</subfield>
      <subfield code="q">DE-101</subfield>
      <subfield code="2">sswd</subfield>
    </datafield>
    <datafield tag="245" ind1="0" ind2="0">
      <subfield code="a">Tod dem Mondschein oder gelbe Ohrfeigen</subfield>
      <subfield code="b">ein Fotobuch mit Szenen des Futuristischen Theaters nach F. T. Marinetti ... ; Futurismus-Collage</subfield>
      <subfield code="c">Sprengel-Museum, Hannover. Fotos Jürgen Sieckmeyer. Einf. Norbert Nobis</subfield>
    </datafield>
    <datafield tag="264" ind1=" " ind2="1">
      <subfield code="a">Köln</subfield>
      <subfield code="b">Wienand</subfield>
      <subfield code="c">1992</subfield>
    </datafield>
    <datafield tag="300" ind1=" " ind2=" ">
      <subfield code="a">112 S.</subfield>
      <subfield code="b">überwiegend Ill.</subfield>
      <subfield code="c">24 x 27 cm</subfield>
    </datafield>
    <datafield tag="336" ind1=" " ind2=" ">
      <subfield code="a">unbewegtes Bild</subfield>
      <subfield code="b">sti</subfield>
      <subfield code="2">rdacontent</subfield>
    </datafield>
    <datafield tag="337" ind1=" " ind2=" ">
      <subfield code="a">ohne Hilfsmittel zu benutzen</subfield>
      <subfield code="b">n</subfield>
      <subfield code="2">rdamedia</subfield>
    </datafield>
    <datafield tag="338" ind1=" " ind2=" ">
      <subfield code="a">Band</subfield>
      <subfield code="b">nc</subfield>
      <subfield code="2">rdacarrier</subfield>
    </datafield>
    <datafield tag="366" ind1=" " ind2=" ">
      <subfield code="c">OP 20241129</subfield>
      <subfield code="2">onixas</subfield>
    </datafield>
    <datafield tag="600" ind1="1" ind2="7">
      <subfield code="0">(DE-588)119061724</subfield>
      <subfield code="0">https://d-nb.info/gnd/119061724</subfield>
      <subfield code="0">(DE-101)119061724</subfield>
      <subfield code="a">Sieckmeyer, Jürgen</subfield>
      <subfield code="d">1943-</subfield>
      <subfield code="9">rswk-swf</subfield>
      <subfield code="2">gnd</subfield>
    </datafield>
    <datafield tag="610" ind1="2" ind2="7">
      <subfield code="0">(DE-588)2083948-0</subfield>
      <subfield code="0">https://d-nb.info/gnd/2083948-0</subfield>
      <subfield code="0">(DE-101)007332122</subfield>
      <subfield code="a">Sprengel Museum Hannover</subfield>
      <subfield code="9">rswk-swf</subfield>
      <subfield code="2">gnd</subfield>
    </datafield>
    <datafield tag="650" ind1=" " ind2="7">
      <subfield code="0">(DE-588)4059702-7</subfield>
      <subfield code="0">https://d-nb.info/gnd/4059702-7</subfield>
      <subfield code="0">(DE-101)040597024</subfield>
      <subfield code="a">Theater</subfield>
      <subfield code="9">rswk-swf</subfield>
      <subfield code="2">gnd</subfield>
    </datafield>
    <datafield tag="650" ind1=" " ind2="7">
      <subfield code="0">(DE-588)4143388-9</subfield>
      <subfield code="0">https://d-nb.info/gnd/4143388-9</subfield>
      <subfield code="0">(DE-101)041433882</subfield>
      <subfield code="a">Aufführung</subfield>
      <subfield code="9">rswk-swf</subfield>
      <subfield code="2">gnd</subfield>
    </datafield>
    <datafield tag="650" ind1=" " ind2="7">
      <subfield code="0">(DE-588)4019036-5</subfield>
      <subfield code="0">https://d-nb.info/gnd/4019036-5</subfield>
      <subfield code="0">(DE-101)040190366</subfield>
      <subfield code="a">Futurismus</subfield>
      <subfield code="9">rswk-swf</subfield>
      <subfield code="2">gnd</subfield>
    </datafield>
    <datafield tag="650" ind1=" " ind2="7">
      <subfield code="0">(DE-588)4199272-6</subfield>
      <subfield code="0">https://d-nb.info/gnd/4199272-6</subfield>
      <subfield code="0">(DE-101)041992725</subfield>
      <subfield code="a">Theaterfotografie</subfield>
      <subfield code="9">rswk-swf</subfield>
      <subfield code="2">gnd</subfield>
    </datafield>
    <datafield tag="655" ind1=" " ind2="7">
      <subfield code="0">(DE-588)4145395-5</subfield>
      <subfield code="0">https://d-nb.info/gnd/4145395-5</subfield>
      <subfield code="0">(DE-101)041453956</subfield>
      <subfield code="a">Bildband</subfield>
      <subfield code="2">gnd-content</subfield>
    </datafield>
    <datafield tag="655" ind1=" " ind2="7">
      <subfield code="a">Bildband</subfield>
      <subfield code="9">rswk-swf</subfield>
      <subfield code="2">gnd</subfield>
    </datafield>
    <datafield tag="655" ind1=" " ind2="7">
      <subfield code="a">Bildband</subfield>
      <subfield code="9">rswk-swf</subfield>
      <subfield code="2">gnd</subfield>
    </datafield>
    <datafield tag="689" ind1="0" ind2="0">
      <subfield code="0">(DE-588)2083948-0</subfield>
      <subfield code="0">https://d-nb.info/gnd/2083948-0</subfield>
      <subfield code="0">(DE-101)007332122</subfield>
      <subfield code="D">b</subfield>
      <subfield code="a">Sprengel Museum Hannover</subfield>
    </datafield>
    <datafield tag="689" ind1="0" ind2="1">
      <subfield code="0">(DE-588)4059702-7</subfield>
      <subfield code="0">https://d-nb.info/gnd/4059702-7</subfield>
      <subfield code="0">(DE-101)040597024</subfield>
      <subfield code="D">s</subfield>
      <subfield code="a">Theater</subfield>
    </datafield>
    <datafield tag="689" ind1="0" ind2="2">
      <subfield code="0">(DE-588)4143388-9</subfield>
      <subfield code="0">https://d-nb.info/gnd/4143388-9</subfield>
      <subfield code="0">(DE-101)041433882</subfield>
      <subfield code="D">s</subfield>
      <subfield code="a">Aufführung</subfield>
    </datafield>
    <datafield tag="689" ind1="0" ind2="3">
      <subfield code="0">(DE-588)4019036-5</subfield>
      <subfield code="0">https://d-nb.info/gnd/4019036-5</subfield>
      <subfield code="0">(DE-101)040190366</subfield>
      <subfield code="D">s</subfield>
      <subfield code="a">Futurismus</subfield>
    </datafield>
    <datafield tag="689" ind1="0" ind2="4">
      <subfield code="A">f</subfield>
      <subfield code="a">Bildband</subfield>
    </datafield>
    <datafield tag="689" ind1="0" ind2=" ">
      <subfield code="5">DE-101</subfield>
      <subfield code="5">DE-101</subfield>
    </datafield>
    <datafield tag="689" ind1="1" ind2="0">
      <subfield code="0">(DE-588)119061724</subfield>
      <subfield code="0">https://d-nb.info/gnd/119061724</subfield>
      <subfield code="0">(DE-101)119061724</subfield>
      <subfield code="D">p</subfield>
      <subfield code="a">Sieckmeyer, Jürgen</subfield>
      <subfield code="d">1943-</subfield>
    </datafield>
    <datafield tag="689" ind1="1" ind2="1">
      <subfield code="0">(DE-588)4199272-6</subfield>
      <subfield code="0">https://d-nb.info/gnd/4199272-6</subfield>
      <subfield code="0">(DE-101)041992725</subfield>
      <subfield code="D">s</subfield>
      <subfield code="a">Theaterfotografie</subfield>
    </datafield>
    <datafield tag="689" ind1="1" ind2="2">
      <subfield code="A">f</subfield>
      <subfield code="a">Bildband</subfield>
    </datafield>
    <datafield tag="689" ind1="1" ind2=" ">
      <subfield code="5">DE-101</subfield>
      <subfield code="5">DE-101</subfield>
    </datafield>
    <datafield tag="700" ind1="1" ind2=" ">
      <subfield code="0">(DE-588)119061724</subfield>
      <subfield code="0">https://d-nb.info/gnd/119061724</subfield>
      <subfield code="0">(DE-101)119061724</subfield>
      <subfield code="a">Sieckmeyer, Jürgen</subfield>
      <subfield code="d">1943-</subfield>
      <subfield code="e">Mitwirkender</subfield>
      <subfield code="4">ctb</subfield>
      <subfield code="2">gnd</subfield>
    </datafield>
    <datafield tag="700" ind1="1" ind2=" ">
      <subfield code="0">(DE-588)140825991</subfield>
      <subfield code="0">https://d-nb.info/gnd/140825991</subfield>
      <subfield code="0">(DE-101)140825991</subfield>
      <subfield code="a">Nobis, Norbert</subfield>
      <subfield code="d">1945-</subfield>
      <subfield code="e">Mitwirkender</subfield>
      <subfield code="4">ctb</subfield>
      <subfield code="2">gnd</subfield>
    </datafield>
    <datafield tag="710" ind1="2" ind2=" ">
      <subfield code="0">(DE-588)2083948-0</subfield>
      <subfield code="0">https://d-nb.info/gnd/2083948-0</subfield>
      <subfield code="0">(DE-101)007332122</subfield>
      <subfield code="a">Sprengel Museum Hannover</subfield>
      <subfield code="e">Herausgebendes Organ</subfield>
      <subfield code="4">isb</subfield>
      <subfield code="2">gnd</subfield>
    </datafield>
    <datafield tag="850" ind1=" " ind2=" ">
      <subfield code="a">DE-101a</subfield>
      <subfield code="a">DE-101b</subfield>
    </datafield>
  </record></recordData><recordPosition>434</recordPosition></record>