<record><recordSchema>MARC21-xml</recordSchema><recordPacking>xml</recordPacking><recordData><record xmlns="http://www.loc.gov/MARC21/slim" type="Bibliographic">
    <leader>00000nam a2200000 c 4500</leader>
    <controlfield tag="001">930639200</controlfield>
    <controlfield tag="003">DE-101</controlfield>
    <controlfield tag="005">20190117094307.0</controlfield>
    <controlfield tag="007">tu</controlfield>
    <controlfield tag="008">930407s1991    gw ||||| |||| 00||||ger  </controlfield>
    <datafield tag="015" ind1=" " ind2=" ">
      <subfield code="a">93,B18,0601</subfield>
      <subfield code="2">dnb</subfield>
    </datafield>
    <datafield tag="016" ind1="7" ind2=" ">
      <subfield code="2">DE-101</subfield>
      <subfield code="a">930639200</subfield>
    </datafield>
    <datafield tag="020" ind1=" " ind2=" ">
      <subfield code="a">9783770125883</subfield>
      <subfield code="c">kart. : DM 49.00</subfield>
      <subfield code="9">978-3-7701-2588-3</subfield>
    </datafield>
    <datafield tag="020" ind1=" " ind2=" ">
      <subfield code="a">3770125886</subfield>
      <subfield code="c">kart. : DM 49.00</subfield>
      <subfield code="9">3-7701-2588-6</subfield>
    </datafield>
    <datafield tag="035" ind1=" " ind2=" ">
      <subfield code="a">(DE-599)DNB930639200</subfield>
    </datafield>
    <datafield tag="035" ind1=" " ind2=" ">
      <subfield code="a">(OCoLC)311345804</subfield>
    </datafield>
    <datafield tag="040" ind1=" " ind2=" ">
      <subfield code="a">1100</subfield>
      <subfield code="b">ger</subfield>
      <subfield code="c">DE-101</subfield>
      <subfield code="d">9999</subfield>
    </datafield>
    <datafield tag="041" ind1=" " ind2=" ">
      <subfield code="a">ger</subfield>
    </datafield>
    <datafield tag="044" ind1=" " ind2=" ">
      <subfield code="c">XA-DE</subfield>
    </datafield>
    <datafield tag="084" ind1=" " ind2=" ">
      <subfield code="a">46</subfield>
      <subfield code="a">700</subfield>
      <subfield code="a">730</subfield>
      <subfield code="a">740</subfield>
      <subfield code="a">750</subfield>
      <subfield code="a">760</subfield>
      <subfield code="q">DE-101</subfield>
      <subfield code="2">sdnb</subfield>
    </datafield>
    <datafield tag="245" ind1="0" ind2="0">
      <subfield code="a">John Heartfield</subfield>
      <subfield code="b">[Akademie der Künste zu Berlin, Altes Museum, 16. Mai - 11. Juli 1991 ... Sprengel Museum Hannover, 15. März - 24. Mai 1992]</subfield>
      <subfield code="c">hrsg. von der Akademie der Künste zu Berlin ... Idee und Konzeption: Peter Pachnicke und Klaus Honnef. Mit Textbeitr. von Helen Adkins ... [Red.: Karin Thomas]</subfield>
    </datafield>
    <datafield tag="264" ind1=" " ind2="1">
      <subfield code="a">Köln</subfield>
      <subfield code="b">DuMont</subfield>
      <subfield code="c">1991</subfield>
    </datafield>
    <datafield tag="300" ind1=" " ind2=" ">
      <subfield code="a">438 S.</subfield>
      <subfield code="b">zahlr. Ill.</subfield>
      <subfield code="c">32 cm</subfield>
    </datafield>
    <datafield tag="336" ind1=" " ind2=" ">
      <subfield code="a">Text</subfield>
      <subfield code="b">txt</subfield>
      <subfield code="2">rdacontent</subfield>
    </datafield>
    <datafield tag="336" ind1=" " ind2=" ">
      <subfield code="a">unbewegtes Bild</subfield>
      <subfield code="b">sti</subfield>
      <subfield code="2">rdacontent</subfield>
    </datafield>
    <datafield tag="337" ind1=" " ind2=" ">
      <subfield code="a">ohne Hilfsmittel zu benutzen</subfield>
      <subfield code="b">n</subfield>
      <subfield code="2">rdamedia</subfield>
    </datafield>
    <datafield tag="338" ind1=" " ind2=" ">
      <subfield code="a">Band</subfield>
      <subfield code="b">nc</subfield>
      <subfield code="2">rdacarrier</subfield>
    </datafield>
    <datafield tag="366" ind1=" " ind2=" ">
      <subfield code="c">OP 20221008</subfield>
      <subfield code="2">onixas</subfield>
    </datafield>
    <datafield tag="700" ind1="1" ind2=" ">
      <subfield code="0">(DE-588)122353862</subfield>
      <subfield code="0">https://d-nb.info/gnd/122353862</subfield>
      <subfield code="0">(DE-101)122353862</subfield>
      <subfield code="a">Adkins, Helen</subfield>
      <subfield code="d">1960-</subfield>
      <subfield code="e">Mitwirkender</subfield>
      <subfield code="4">ctb</subfield>
      <subfield code="2">gnd</subfield>
    </datafield>
    <datafield tag="700" ind1="1" ind2=" ">
      <subfield code="0">(DE-588)118547437</subfield>
      <subfield code="0">https://d-nb.info/gnd/118547437</subfield>
      <subfield code="0">(DE-101)118547437</subfield>
      <subfield code="a">Heartfield, John</subfield>
      <subfield code="d">1891-1968</subfield>
      <subfield code="e">Illustrator</subfield>
      <subfield code="4">ill</subfield>
      <subfield code="2">gnd</subfield>
    </datafield>
    <datafield tag="700" ind1="1" ind2=" ">
      <subfield code="0">(DE-588)123865638</subfield>
      <subfield code="0">https://d-nb.info/gnd/123865638</subfield>
      <subfield code="0">(DE-101)123865638</subfield>
      <subfield code="a">Thomas, Karin</subfield>
      <subfield code="d">1941-</subfield>
      <subfield code="e">Herausgeber</subfield>
      <subfield code="4">edt</subfield>
      <subfield code="2">gnd</subfield>
    </datafield>
    <datafield tag="710" ind1="2" ind2=" ">
      <subfield code="0">(DE-588)37793-4</subfield>
      <subfield code="0">https://d-nb.info/gnd/37793-4</subfield>
      <subfield code="0">(DE-101)000377937</subfield>
      <subfield code="a">Rheinisches Landesmuseum Bonn</subfield>
      <subfield code="e">Herausgebendes Organ</subfield>
      <subfield code="4">isb</subfield>
      <subfield code="2">gnd</subfield>
    </datafield>
    <datafield tag="710" ind1="2" ind2=" ">
      <subfield code="0">(DE-588)2003618-8</subfield>
      <subfield code="0">https://d-nb.info/gnd/2003618-8</subfield>
      <subfield code="0">(DE-101)004641655</subfield>
      <subfield code="a">Akademie der Künste</subfield>
      <subfield code="g">Berlin, West</subfield>
      <subfield code="e">Herausgebendes Organ</subfield>
      <subfield code="4">isb</subfield>
      <subfield code="2">gnd</subfield>
    </datafield>
    <datafield tag="850" ind1=" " ind2=" ">
      <subfield code="a">DE-101a</subfield>
      <subfield code="a">DE-101b</subfield>
    </datafield>
    <datafield tag="856" ind1="4" ind2="2">
      <subfield code="m">V:DE-576</subfield>
      <subfield code="q">application/pdf</subfield>
      <subfield code="u">https://d-nb.info/930639200/04</subfield>
      <subfield code="3">Inhaltsverzeichnis</subfield>
    </datafield>
  </record></recordData><recordPosition>441</recordPosition></record>