<record><recordSchema>MARC21-xml</recordSchema><recordPacking>xml</recordPacking><recordData><record xmlns="http://www.loc.gov/MARC21/slim" type="Bibliographic">
    <leader>00000nam a2200000 c 4500</leader>
    <controlfield tag="001">921051441</controlfield>
    <controlfield tag="003">DE-101</controlfield>
    <controlfield tag="005">20171202172506.0</controlfield>
    <controlfield tag="007">tu</controlfield>
    <controlfield tag="008">920805s1990    gw ||||| |||| 00||||ger  </controlfield>
    <datafield tag="015" ind1=" " ind2=" ">
      <subfield code="a">92,B36,0606</subfield>
      <subfield code="2">dnb</subfield>
    </datafield>
    <datafield tag="016" ind1="7" ind2=" ">
      <subfield code="2">DE-101</subfield>
      <subfield code="a">921051441</subfield>
    </datafield>
    <datafield tag="020" ind1=" " ind2=" ">
      <subfield code="c">geh.</subfield>
    </datafield>
    <datafield tag="035" ind1=" " ind2=" ">
      <subfield code="a">(DE-599)DNB921051441</subfield>
    </datafield>
    <datafield tag="035" ind1=" " ind2=" ">
      <subfield code="a">(OCoLC)75289030</subfield>
    </datafield>
    <datafield tag="040" ind1=" " ind2=" ">
      <subfield code="a">1200</subfield>
      <subfield code="b">ger</subfield>
      <subfield code="c">DE-101</subfield>
      <subfield code="d">9999</subfield>
    </datafield>
    <datafield tag="041" ind1=" " ind2=" ">
      <subfield code="a">ger</subfield>
    </datafield>
    <datafield tag="044" ind1=" " ind2=" ">
      <subfield code="c">XA-DE</subfield>
    </datafield>
    <datafield tag="084" ind1=" " ind2=" ">
      <subfield code="a">46</subfield>
      <subfield code="a">02</subfield>
      <subfield code="a">700</subfield>
      <subfield code="a">730</subfield>
      <subfield code="a">740</subfield>
      <subfield code="a">750</subfield>
      <subfield code="a">760</subfield>
      <subfield code="q">DE-101</subfield>
      <subfield code="2">sdnb</subfield>
    </datafield>
    <datafield tag="245" ind1="0" ind2="0">
      <subfield code="a">Oca Hannover</subfield>
      <subfield code="b">Kinder- und Jugendforum, 31.7. - 28.8.1990</subfield>
      <subfield code="c">Sprengel-Museum Hannover. Künstlerische Leitung: Maria Tomaselli Cirne Lima. [Hrsg. von der Landeshauptstadt Hannover, Der Oberstadtdirektor]</subfield>
    </datafield>
    <datafield tag="264" ind1=" " ind2="1">
      <subfield code="a">Hannover</subfield>
      <subfield code="b">Oberstadtdirektor</subfield>
      <subfield code="c">1990</subfield>
    </datafield>
    <datafield tag="300" ind1=" " ind2=" ">
      <subfield code="a">[7] S.</subfield>
      <subfield code="c">23 x 24 cm</subfield>
    </datafield>
    <datafield tag="336" ind1=" " ind2=" ">
      <subfield code="a">Text</subfield>
      <subfield code="b">txt</subfield>
      <subfield code="2">rdacontent</subfield>
    </datafield>
    <datafield tag="337" ind1=" " ind2=" ">
      <subfield code="a">ohne Hilfsmittel zu benutzen</subfield>
      <subfield code="b">n</subfield>
      <subfield code="2">rdamedia</subfield>
    </datafield>
    <datafield tag="338" ind1=" " ind2=" ">
      <subfield code="a">Band</subfield>
      <subfield code="b">nc</subfield>
      <subfield code="2">rdacarrier</subfield>
    </datafield>
    <datafield tag="366" ind1=" " ind2=" ">
      <subfield code="c">OP 20221008</subfield>
      <subfield code="2">onixas</subfield>
    </datafield>
    <datafield tag="850" ind1=" " ind2=" ">
      <subfield code="a">DE-101a</subfield>
      <subfield code="a">DE-101b</subfield>
    </datafield>
  </record></recordData><recordPosition>460</recordPosition></record>