<record><recordSchema>MARC21-xml</recordSchema><recordPacking>xml</recordPacking><recordData><record xmlns="http://www.loc.gov/MARC21/slim" type="Bibliographic">
    <leader>00000pam a2200000 c 4500</leader>
    <controlfield tag="001">891312463</controlfield>
    <controlfield tag="003">DE-101</controlfield>
    <controlfield tag="005">20230821191733.0</controlfield>
    <controlfield tag="007">tu</controlfield>
    <controlfield tag="008">890809s1989    gw ||||| |||| 10||||ger  </controlfield>
    <datafield tag="015" ind1=" " ind2=" ">
      <subfield code="a">89,A48,0699</subfield>
      <subfield code="z">89,N37,0453</subfield>
      <subfield code="2">dnb</subfield>
    </datafield>
    <datafield tag="016" ind1="7" ind2=" ">
      <subfield code="2">DE-101</subfield>
      <subfield code="a">891312463</subfield>
    </datafield>
    <datafield tag="020" ind1=" " ind2=" ">
      <subfield code="a">9783791309927</subfield>
      <subfield code="c">Gewebe : DM 98.00</subfield>
      <subfield code="9">978-3-7913-0992-7</subfield>
    </datafield>
    <datafield tag="020" ind1=" " ind2=" ">
      <subfield code="a">3791309927</subfield>
      <subfield code="c">Gewebe : DM 98.00</subfield>
      <subfield code="9">3-7913-0992-7</subfield>
    </datafield>
    <datafield tag="035" ind1=" " ind2=" ">
      <subfield code="a">(DE-599)DNB891312463</subfield>
    </datafield>
    <datafield tag="035" ind1=" " ind2=" ">
      <subfield code="a">(OCoLC)612297318</subfield>
    </datafield>
    <datafield tag="040" ind1=" " ind2=" ">
      <subfield code="a">1200</subfield>
      <subfield code="b">ger</subfield>
      <subfield code="c">DE-101</subfield>
      <subfield code="d">9999</subfield>
    </datafield>
    <datafield tag="041" ind1=" " ind2=" ">
      <subfield code="a">ger</subfield>
    </datafield>
    <datafield tag="044" ind1=" " ind2=" ">
      <subfield code="c">XA-DE</subfield>
    </datafield>
    <datafield tag="084" ind1=" " ind2=" ">
      <subfield code="a">46</subfield>
      <subfield code="a">700</subfield>
      <subfield code="a">730</subfield>
      <subfield code="a">740</subfield>
      <subfield code="a">750</subfield>
      <subfield code="a">760</subfield>
      <subfield code="q">DE-101</subfield>
      <subfield code="2">sdnb</subfield>
    </datafield>
    <datafield tag="084" ind1=" " ind2=" ">
      <subfield code="a">13.4p</subfield>
      <subfield code="q">DE-101</subfield>
      <subfield code="2">sswd</subfield>
    </datafield>
    <datafield tag="245" ind1="0" ind2="0">
      <subfield code="a">Bernhard Heisig, Retrospektive</subfield>
      <subfield code="b">[anlässlich der Ausstellung "Bernhard Heisig, Retrospektive" des Zentrums für Kunstausstellungen der DDR in der Berlinischen Galerie, Martin-Gropius-Bau, Berlin (West) (1. Oktober - 31. Dezember 1989), dem Rheinischen Landesmuseum, Bonn (25. Januar - 11. März 1990) und den Bayerischen Staatsgemäldesammlungen, Staatsgalerie Moderner Kunst, München (23. März - 6. Mai 1990) ; ein Teil der Graphik und der Illustrationen wurden im Sprengel-Museum, Hannover (25. Februar - 16. April 1990) und der Städtischen Galerie Schloss Oberhausen/Ludwig-Institut für Kunst der DDR (28. April - 10. Juni 1990) gezeigt]</subfield>
      <subfield code="c">hrsg. von Jörn Merkert u. Peter Pachnicke. Mit Beitr. von Eduard Beaucamp ...</subfield>
    </datafield>
    <datafield tag="264" ind1=" " ind2="1">
      <subfield code="a">München</subfield>
      <subfield code="b">Prestel</subfield>
      <subfield code="c">1989</subfield>
    </datafield>
    <datafield tag="300" ind1=" " ind2=" ">
      <subfield code="a">408 S.</subfield>
      <subfield code="b">überwiegend Ill.</subfield>
      <subfield code="c">31 cm</subfield>
    </datafield>
    <datafield tag="336" ind1=" " ind2=" ">
      <subfield code="a">unbewegtes Bild</subfield>
      <subfield code="b">sti</subfield>
      <subfield code="2">rdacontent</subfield>
    </datafield>
    <datafield tag="337" ind1=" " ind2=" ">
      <subfield code="a">ohne Hilfsmittel zu benutzen</subfield>
      <subfield code="b">n</subfield>
      <subfield code="2">rdamedia</subfield>
    </datafield>
    <datafield tag="338" ind1=" " ind2=" ">
      <subfield code="a">Band</subfield>
      <subfield code="b">nc</subfield>
      <subfield code="2">rdacarrier</subfield>
    </datafield>
    <datafield tag="366" ind1=" " ind2=" ">
      <subfield code="c">OP 20221008</subfield>
      <subfield code="2">onixas</subfield>
    </datafield>
    <datafield tag="500" ind1=" " ind2=" ">
      <subfield code="a">Literaturverz. S. 400 - 404</subfield>
    </datafield>
    <datafield tag="600" ind1="1" ind2="7">
      <subfield code="0">(DE-588)118548689</subfield>
      <subfield code="0">https://d-nb.info/gnd/118548689</subfield>
      <subfield code="0">(DE-101)118548689</subfield>
      <subfield code="a">Heisig, Bernhard</subfield>
      <subfield code="d">1925-2011</subfield>
      <subfield code="9">rswk-swf</subfield>
      <subfield code="2">gnd</subfield>
    </datafield>
    <datafield tag="600" ind1="1" ind2="7">
      <subfield code="8">1\p</subfield>
      <subfield code="0">(DE-588)118548689</subfield>
      <subfield code="0">https://d-nb.info/gnd/118548689</subfield>
      <subfield code="0">(DE-101)118548689</subfield>
      <subfield code="a">Heisig, Bernhard</subfield>
      <subfield code="d">1925-2011</subfield>
      <subfield code="2">gnd</subfield>
    </datafield>
    <datafield tag="650" ind1=" " ind2="7">
      <subfield code="a">Heisig, Bernhard</subfield>
      <subfield code="2">local</subfield>
    </datafield>
    <datafield tag="655" ind1=" " ind2="7">
      <subfield code="0">(DE-588)4135467-9</subfield>
      <subfield code="0">https://d-nb.info/gnd/4135467-9</subfield>
      <subfield code="0">(DE-101)041354672</subfield>
      <subfield code="a">Ausstellungskatalog</subfield>
      <subfield code="y">1989</subfield>
      <subfield code="z">Berlin (West)</subfield>
      <subfield code="2">gnd-content</subfield>
    </datafield>
    <datafield tag="655" ind1=" " ind2="7">
      <subfield code="0">(DE-588)1071861417</subfield>
      <subfield code="0">https://d-nb.info/gnd/1071861417</subfield>
      <subfield code="0">(DE-101)1071861417</subfield>
      <subfield code="a">Konferenzschrift</subfield>
      <subfield code="2">gnd-content</subfield>
    </datafield>
    <datafield tag="655" ind1=" " ind2="7">
      <subfield code="a">Ausstellung</subfield>
      <subfield code="z">Berlin &lt;West, 1989></subfield>
      <subfield code="9">rswk-swf</subfield>
      <subfield code="2">gnd</subfield>
    </datafield>
    <datafield tag="689" ind1="0" ind2="0">
      <subfield code="0">(DE-588)118548689</subfield>
      <subfield code="0">https://d-nb.info/gnd/118548689</subfield>
      <subfield code="0">(DE-101)118548689</subfield>
      <subfield code="D">p</subfield>
      <subfield code="a">Heisig, Bernhard</subfield>
      <subfield code="d">1925-2011</subfield>
    </datafield>
    <datafield tag="689" ind1="0" ind2="1">
      <subfield code="A">f</subfield>
      <subfield code="a">Ausstellung</subfield>
    </datafield>
    <datafield tag="689" ind1="0" ind2="2">
      <subfield code="A">g</subfield>
      <subfield code="a">Berlin &lt;West, 1989></subfield>
    </datafield>
    <datafield tag="689" ind1="0" ind2=" ">
      <subfield code="5">DE-101</subfield>
      <subfield code="5">DE-101</subfield>
    </datafield>
    <datafield tag="700" ind1="1" ind2=" ">
      <subfield code="0">(DE-588)118548689</subfield>
      <subfield code="0">https://d-nb.info/gnd/118548689</subfield>
      <subfield code="0">(DE-101)118548689</subfield>
      <subfield code="a">Heisig, Bernhard</subfield>
      <subfield code="d">1925-2011</subfield>
      <subfield code="e">Illustrator</subfield>
      <subfield code="4">ill</subfield>
      <subfield code="2">gnd</subfield>
    </datafield>
    <datafield tag="700" ind1="1" ind2=" ">
      <subfield code="0">(DE-588)122147510</subfield>
      <subfield code="0">https://d-nb.info/gnd/122147510</subfield>
      <subfield code="0">(DE-101)122147510</subfield>
      <subfield code="a">Merkert, Jörn</subfield>
      <subfield code="d">1946-</subfield>
      <subfield code="e">Herausgeber</subfield>
      <subfield code="4">edt</subfield>
      <subfield code="2">gnd</subfield>
    </datafield>
    <datafield tag="710" ind1="2" ind2=" ">
      <subfield code="0">(DE-588)2049326-5</subfield>
      <subfield code="0">https://d-nb.info/gnd/2049326-5</subfield>
      <subfield code="0">(DE-101)007027109</subfield>
      <subfield code="a">Zentrum für Kunstausstellungen der DDR</subfield>
      <subfield code="e">Herausgebendes Organ</subfield>
      <subfield code="4">isb</subfield>
      <subfield code="2">gnd</subfield>
    </datafield>
    <datafield tag="710" ind1="2" ind2=" ">
      <subfield code="0">(DE-588)2053618-5</subfield>
      <subfield code="0">https://d-nb.info/gnd/2053618-5</subfield>
      <subfield code="0">(DE-101)007063504</subfield>
      <subfield code="a">Berlinische Galerie</subfield>
      <subfield code="e">Herausgebendes Organ</subfield>
      <subfield code="4">isb</subfield>
      <subfield code="2">gnd</subfield>
    </datafield>
    <datafield tag="711" ind1="2" ind2=" ">
      <subfield code="0">(DE-588)2106825-2</subfield>
      <subfield code="0">https://d-nb.info/gnd/2106825-2</subfield>
      <subfield code="0">(DE-101)007547838</subfield>
      <subfield code="a">Ausstellung Bernhard Heisig, Retrospektive</subfield>
      <subfield code="d">1989 - 1990</subfield>
      <subfield code="c">Berlin, West u.a.</subfield>
      <subfield code="j">Herausgebendes Organ</subfield>
      <subfield code="4">isb</subfield>
      <subfield code="2">gnd</subfield>
    </datafield>
    <datafield tag="850" ind1=" " ind2=" ">
      <subfield code="a">DE-101a</subfield>
      <subfield code="a">DE-101b</subfield>
    </datafield>
    <datafield tag="856" ind1="4" ind2="2">
      <subfield code="m">V:DE-576</subfield>
      <subfield code="q">application/pdf</subfield>
      <subfield code="u">https://d-nb.info/891312463/04</subfield>
      <subfield code="3">Inhaltsverzeichnis</subfield>
    </datafield>
    <datafield tag="883" ind1="1" ind2=" ">
      <subfield code="8">1\p</subfield>
      <subfield code="a">kasw</subfield>
      <subfield code="c">1,000</subfield>
      <subfield code="d">20230821</subfield>
      <subfield code="q">DE-101</subfield>
      <subfield code="u">https://d-nb.info/provenance/plan#kasw</subfield>
    </datafield>
  </record></recordData><recordPosition>469</recordPosition></record>