<record><recordSchema>MARC21-xml</recordSchema><recordPacking>xml</recordPacking><recordData><record xmlns="http://www.loc.gov/MARC21/slim" type="Bibliographic">
    <leader>00000nam a2200000 c 4500</leader>
    <controlfield tag="001">955138787</controlfield>
    <controlfield tag="003">DE-101</controlfield>
    <controlfield tag="005">20171203054721.0</controlfield>
    <controlfield tag="007">tu</controlfield>
    <controlfield tag="008">981111s1988    gw ||||| |||| 00||||ger  </controlfield>
    <datafield tag="016" ind1="7" ind2=" ">
      <subfield code="2">DE-101</subfield>
      <subfield code="a">955138787</subfield>
    </datafield>
    <datafield tag="020" ind1=" " ind2=" ">
      <subfield code="c">geh.</subfield>
    </datafield>
    <datafield tag="035" ind1=" " ind2=" ">
      <subfield code="a">(DE-599)DNB955138787</subfield>
    </datafield>
    <datafield tag="035" ind1=" " ind2=" ">
      <subfield code="a">(OCoLC)75954644</subfield>
    </datafield>
    <datafield tag="040" ind1=" " ind2=" ">
      <subfield code="a">1140</subfield>
      <subfield code="b">ger</subfield>
      <subfield code="c">DE-101</subfield>
      <subfield code="d">9999</subfield>
    </datafield>
    <datafield tag="041" ind1=" " ind2=" ">
      <subfield code="a">ger</subfield>
    </datafield>
    <datafield tag="044" ind1=" " ind2=" ">
      <subfield code="c">XA-DE</subfield>
    </datafield>
    <datafield tag="245" ind1="0" ind2="0">
      <subfield code="a">Inszenierte Fotografie: Zwei Beispiele</subfield>
      <subfield code="c">Sprengel-Museum Hannover. [Hrsg.: Landeshauptstadt Hannover, Der Oberstadtdirektor]</subfield>
    </datafield>
    <datafield tag="264" ind1=" " ind2="1">
      <subfield code="a">Hannover</subfield>
      <subfield code="b">Sprengel-Museum, Museumspädagogik und Besucherinformation</subfield>
      <subfield code="c">1988</subfield>
    </datafield>
    <datafield tag="264" ind1=" " ind2="1">
      <subfield code="a">Hannover</subfield>
      <subfield code="b">Oberstadtdirektor</subfield>
      <subfield code="c">1988</subfield>
    </datafield>
    <datafield tag="300" ind1=" " ind2=" ">
      <subfield code="a">6 S.</subfield>
      <subfield code="c">30 cm</subfield>
    </datafield>
    <datafield tag="336" ind1=" " ind2=" ">
      <subfield code="a">Text</subfield>
      <subfield code="b">txt</subfield>
      <subfield code="2">rdacontent</subfield>
    </datafield>
    <datafield tag="337" ind1=" " ind2=" ">
      <subfield code="a">ohne Hilfsmittel zu benutzen</subfield>
      <subfield code="b">n</subfield>
      <subfield code="2">rdamedia</subfield>
    </datafield>
    <datafield tag="338" ind1=" " ind2=" ">
      <subfield code="a">Band</subfield>
      <subfield code="b">nc</subfield>
      <subfield code="2">rdacarrier</subfield>
    </datafield>
    <datafield tag="366" ind1=" " ind2=" ">
      <subfield code="c">OP 20221008</subfield>
      <subfield code="2">onixas</subfield>
    </datafield>
    <datafield tag="490" ind1="1" ind2=" ">
      <subfield code="a">di / Sprengel-Museum Hannover</subfield>
      <subfield code="v">9,10</subfield>
    </datafield>
    <datafield tag="490" ind1="0" ind2=" ">
      <subfield code="a">Lehrer-Information / Sprengel-Museum Hannover</subfield>
    </datafield>
    <datafield tag="810" ind1="2" ind2=" ">
      <subfield code="a">Sprengel Museum Hannover</subfield>
      <subfield code="4">aut</subfield>
      <subfield code="t">di</subfield>
      <subfield code="v">9,10</subfield>
      <subfield code="w">(DE-101)552092525</subfield>
      <subfield code="9">19 210</subfield>
      <subfield code="7">as</subfield>
    </datafield>
    <datafield tag="850" ind1=" " ind2=" ">
      <subfield code="a">DE-101a</subfield>
    </datafield>
  </record></recordData><recordPosition>489</recordPosition></record>